2502 4388
168 263 255 348 502
304 261 625 327 annotationes,
668 259 937 326 cunuxxvm.
959 263 1079 350 pun.

168 456 203 502 ut
224 439 339 518 quidam
361 441 489 510 malunt,
519 436 662 496 hominem
690 439 812 514 aliquem
842 441 1003 518 gratiarum
1023 452 1055 499 et
1076 459 1131 516 po·

168 540 276 588 tentem
304 537 333 584 et
353 526 548 594 fortunatum,
577 523 668 598 quaiir
697 535 761 582 erat
781 523 993 605 Chtyaogoaue.
1037 526 1129 586 Horu

168 625 265 671 tamen
291 629 350 670 non
371 611 491 681 damno,
522 610 548 666 ei
570 610 633 684 quia
662 609 738 666 forte
759 611 854 684 malit3
885 621 918 668 ut
933 619 996 686 'per
1022 611 1129 670 duram

168 709 281 772 tempu·
310 699 506 772 intelligamus
535 696 631 767 potine
658 705 688 751 et
714 705 825 768 partem
852 698 1007 771 temporie,
1042 717 1129 774 quam

167 781 271 860 καιρόν.
323 780 456 840 lambio.
518 774 613 836 Hiree
649 778 753 857 alipta
781 781 903 854 fretun
937 779 1014 840 tore
1051 802 1150 841 neuen

162 887 224 950 per·
252 887 351 926 oetaeo
382 867 485 924 aditur
514 863 556 922 ad
584 862 702 922 Solium
731 865 946 945 intercludere]
979 867 1024 926 ita
1056 863 1155 946 legit¹

168 954 245 1012 hune
266 957 360 1011 laeum
372 951 527 1010 Victoriae.
570 952 608 1007 :it
623 947 769 1008 Manutius
790 950 877 1009 habet
889 954 1013 1026 fretae,
1035 954 1129 1012 nihiio

168 1041 287 1098 meliore
314 1039 467 1096 sententia.
519 1034 718 1113 Pantagathus
751 1053 804 1110 pro
830 1039 938 1111 fretae
970 1041 1129 1114 reponebat

159 1125 276 1202 fretu,
305 1125 429 1198 optima,
458 1132 491 1179 ut
512 1121 539 1178 ei
560 1120 727 1193 videbatur,
755 1125 906 1182 tententia.
946 1123 1051 1184 Uerta.
1095 1123 1128 1182 S.

167 1211 277 1270 Viator.
292 1211 413 1284 fretum
435 1221 511 1278 erup
540 1206 606 1264 inde
631 1207 696 1283 lego
724 1224 889 1280 remorum,
911 1212 1128 1288 praenuntian-

79 1292 90 1312 ‘
170 1297 297 1368 tionem,
327 1305 379 1352 aut
398 1294 490 1350 simile
513 1291 591 1367 quid.
638 1289 761 1349 Gruter.
805 1292 897 1350 {saeue
918 1298 1018 1369 procul
1039 1297 1127 1354 dubio

166 1381 336 1450 mendosae,
368 1379 419 1454 qui
440 1379 501 1434 eine
522 1378 672 1432 mediorum
694 1377 833 1446 librorum
855 1397 909 1454 ope
930 1383 1047 1438 restitui
1068 1399 1127 1440 non

166 1475 271 1544 pateat.
305 1463 338 1522 {n
361 1464 404 1520 ed.
433 1463 526 1521 1472:
550 1459 645 1517 Hitee
666 1461 771 1540 aliqua
785 1463 928 1534 fruetuum
950 1463 1036 1526 doro.
1064 1466 1133 1525 Pei.-

166 1554 251 1629 prim.
273 1549 352 1608 dieue
374 1548 479 1626 aliqua
493 1549 693 1620 fretumora.
737 1546 803 1604 Nou
817 1549 932 1621 dubito,
955 1554 1025 1626 quin
1040 1561 1126 1610 utura

166 1634 267 1694 Ciuero
296 1636 461 1709 scripserit,
498 1632 574 1708 quod
607 1642 637 1688 ot
665 1632 783 1690 Paullus
814 1635 1037 1706 animadvertit;
1074 1639 1126 1696 aed

165 1721 366 1798 praecedentia
380 1720 467 1776 rerba
481 1729 515 1775 ut
526 1719 664 1775 eonetitui
678 1719 803 1792 partiat,
825 1737 883 1775 non
895 1720 989 1778 video.
1021 1721 1125 1782 Forte:

166 1805 248 1864 dieue
269 1806 373 1882 aliqua
386 1803 469 1877 fietu
490 1821 590 1875 mora,
619 1820 702 1877 quem
724 1803 866 1880 fingebat,
889 1815 922 1862 ut
940 1807 1008 1862 iiior
1028 1825 1126 1866 mure-

165 1904 262 1964 retur,
291 1909 328 1947 ne
349 1890 570 1948 admitterentur
590 1886 627 1944 nd
649 1885 768 1946 Sullam.
815 1887 927 1948 Grato.
970 1891 1127 1952 Comaroda

166 1978 308 2034 eontentio
327 1993 386 2033 non
408 1975 538 2050 elieitur;
571 1975 673 2047 reponi
701 1984 798 2048 posset
824 1978 931 2034 unitata
953 1995 1060 2055 genere
1081 1981 1127 2036 io-

166 2063 272 2138 quendi
300 2060 411 2140 Aliquo
437 2061 534 2134 suctu
566 2077 660 2116 muru.
703 2056 820 2116 Μαιιιιι.
870 2057 990 2137 Semper
1022 2061 1126 2139 Capito

166 2147 284 2223 aliquod
305 2144 404 2204 Sullae
424 2146 658 2221 impedimentum
680 2145 965 2218 comminiscebatur,
987 2163 1045 2224 quo
1066 2149 1125 2206 fre·

165 2243 214 2289 ιιιι
243 2234 274 2288 in
301 2234 431 2308 ninguine
460 2230 545 2286 horas
576 2231 679 2307 legatie
709 2230 819 2287 aditum
847 2225 1019 2306 impediret(
1056 2233 1125 2291 Duo

164 2317 254 2372 verbe
270 2327 422 2373 moverunt
441 2313 637 2372 difficultatem
651 2316 855 2390 interpretibus
868 2318 977 2390 fretae
994 2329 1023 2375 et
1040 2318 1124 2377 doru.

166 2400 249 2468 Quod
278 2400 315 2457 ad
342 2401 481 2473 primum,
511 2397 648 2468 Urainas‚
668 2401 808 2472 fretum,
841 2403 898 2474 ait,
931 2405 1002 2481 legit
1024 2404 1125 2464 Viato-

164 2486 243 2559 riur3
265 2495 297 2541 at
313 2481 461 2540 Manutius
482 2483 569 2540 habet
581 2484 701 2556 fretae,
722 2484 812 2542 nihilo
832 2488 949 2545 meliore
962 2493 1123 2562 tententia3

154 2565 283 2628 ”meliore
304 2581 409 2640 tannen,
432 2570 548 2645 inquam
564 2587 628 2648 ego,
649 2571 872 2630 construetione.
905 2574 1026 2640 Quotiee
1047 2577 1123 2634 enirn

163 2657 295 2715 infinitus
316 2655 417 2712 munius
434 2656 477 2712 ita
494 2651 625 2726 effertur,
648 2673 769 2730 persona
785 2675 873 2735 egeae
888 2661 1010 2733 primum
1026 2679 1124 2718 aarum

164 2753 258 2817 tenet3
290 2743 372 2798 cuiue
393 2741 436 2796 rei
456 2740 569 2798 intinita
590 2753 657 2798 erant
680 2742 825 2817 exempia‚
855 2745 1022 2817 praesertim
1048 2743 1124 2820 apud

163 2827 335 2898 historicos,
359 2827 461 2901 quibus
483 2826 705 2884 familiarissima
719 2837 763 2883 eat
780 2825 850 2883 haec
864 2829 1001 2903 loquendi
1014 2829 1123 2908 figurat

164 2933 248 2971 eaaua
269 2924 365 2970 autem
387 2913 435 2968 iile
458 2913 564 2987 primur
586 2910 818 2990 rugientium,
842 2913 918 2988 quod
940 2924 1053 2972 tacetur
1074 2933 1126 2991 per

165 2999 305 3073 ellipsim,
334 3015 362 3054 v.
381 2998 409 3052 9.
439 2995 494 3053 irae
519 2998 551 3052 in
579 2998 642 3054 loeo
667 2995 825 3076 pergebat.
874 2996 966 3056 Miror
994 3001 1131 3074 proinde‚·

164 3081 426 3157 praestantissimae
447 3083 525 3141 virne
546 3082 606 3137 fere
628 3101 726 3139 omnea
747 3093 860 3140 secutos
882 3102 944 3141 eree
961 3084 1124 3144 Victoriam

166 3179 195 3223 et
216 3187 251 3224 ee
271 3169 460 3241 exemplaria,
489 3167 591 3242 quidue
613 3167 759 3225 Victorius
787 3165 922 3243 deceptu·
943 3181 995 3228 eat.
1039 3170 1124 3237 Quod

164 3269 235 3310 reru
257 3251 292 3309 ad
314 3254 436 3309 alterum
459 3255 572 3324 attinet,
594 3271 648 3330 ego
670 3253 704 3308 aia
727 3253 764 3309 iia
785 3252 973 3310 libentissime
994 3265 1051 3326 tto,
1073 3258 1125 3330 qui

164 3336 238 3394 nihii
265 3347 386 3393 mutant.
439 3336 506 3395 Non
541 3339 616 3395 enim
650 3337 751 3409 rideo,
787 3355 840 3394 eur
866 3337 953 3396 horae
979 3348 1124 3414 nequeant

164 3421 298 3496 usurpari
314 3439 366 3494 pro
383 3424 510 3501 negotiis
523 3424 603 3496 iptio,
617 3441 689 3498 quae
702 3423 831 3497 qualibet
841 3423 911 3482 hura
925 3424 1010 3494 fiunt,
1023 3441 1124 3498 quem·

165 3506 317 3566 admodum
346 3524 363 3562 a
390 3509 570 3574 Quintiliano
592 3506 651 3579 Vi,
678 3511 708 3564 4.
759 3509 876 3565 Atiniae
905 3507 999 3566 Poiiio
1027 3508 1124 3568 dietus

164 3605 209 3651 eat
237 3591 364 3649 oninium
392 3591 534 3650 horarum
563 3591 661 3664 domo,
699 3593 776 3668 quod
808 3593 881 3650 idem
909 3611 1022 3669 temper
1048 3606 1125 3652 emet

165 3679 352 3750 omnibusque
379 3680 503 3756 negotiis
533 3689 596 3736 tum
622 3679 706 3735 aeriis
734 3689 796 3736 tum
821 3680 938 3736 iudiatia
959 3697 1126 3736 autumnan-
1237 3727 1238 3730 ,

165 3763 257 3822 datus.
286 3761 415 3819 Foouiol.
458 3761 569 3840 Aliqua
589 3765 696 3837 fretur
718 3762 809 3836 doru,
838 3781 938 3838 nempe
959 3775 1130 3840 opportuna.

164 3849 262 3926 eliqua
283 3848 431 3908 nuuaaioue
452 3847 576 3908 adeundi
595 3847 722 3923 Saliam,
745 3867 832 3926 quum
854 3850 974 3918 diaeret,
1002 3868 1036 3908 te
1057 3857 1124 3908 tee-
