2502 4388
178 249 180 258 ,
224 193 544 278 insensatorum.
588 193 668 256 eta.
687 195 832 263 xrrxvt.
854 202 883 278 q.
897 202 968 266 roa.
1019 195 1102 285 295

141 368 295 428 admodum
318 367 424 426 Graeci
446 364 547 424 dieunt
568 363 615 440 ἀφ’
633 366 788 443 ὑμῶν,·,υῐ
809 371 840 429 in
861 369 978 433 loannis
999 359 1098 432 Euan-

139 453 338 532 gelioXVlll,
359 455 412 510 34.
434 447 481 525 ἀφ’
502 454 601 515 ἑαυτοῦ
621 455 655 516 σὺ
677 455 757 514 τοῦτο
778 459 919 532 le'yeacffl
943 461 1098 536 temetipsa.

137 540 193 600 too
214 541 300 598 dieis.
343 537 445 599 Simile
467 537 585 596 videtur
605 540 682 597 illud
691 537 840 598 Ciceronis
863 543 898 600 tle
915 543 997 600 Orat.
1010 543 1033 614 l,
1047 548 1107 606 24.Ι

139 625 253 687 Videor·
273 644 332 682 aon
353 625 418 700 ipse
439 622 554 700 aliquid
575 643 595 680 a
616 645 661 682 me
681 628 858 702 promtiore,
886 629 1097 726 aed'fnrim'to

137 711 169 768 io
197 727 359 768 sermonem
387 719 518 768 vestrum
548 709 697 768 incidisse.
740 711 821 768 Atltle
843 711 938 772 Plout.
960 713 1036 770 Rue.
1059 711 1096 787 ll,

136 796 167 866 5,
190 797 241 852 21.
271 794 316 852 Ab
337 813 369 852 aa
390 803 512 865 cantat,
536 796 604 850 euin
626 797 675 852 ait.
702 793 832 853 Faeniol.
875 795 920 854 De
948 799 1096 858 locutione

135 879 204 938 huie
226 882 382 950 assentior,
403 897 575 954 quamquam
596 881 629 936 in
644 879 740 938 Plauti
761 879 833 940 Mso
856 881 1041 940 eGronovio
1063 886 1096 944 in

136 966 269 1042 margine
299 967 391 1022 eitato
418 981 478 1021 non
506 965 580 1022 male
613 965 729 1043 legatur
759 985 859 1042 eapte.
906 966 1014 1024 Verum
1043 970 1095 1028 illa

135 1049 207 1110 milii
228 1051 395 1124 serupulutn
416 1051 514 1106 inlicit
533 1055 695 1126 asotoloyio
716 1051 819 1110 dedita
837 1071 945 1128 opero,
965 1073 985 1108 a
1001 1051 1095 1126 volis,

135 1155 222 1212 quam
250 1138 338 1193 leeiio
372 1137 494 1211 vulgata
525 1136 674 1211 relinquit.
723 1135 809 1194 Hane
836 1156 901 1194 eum
931 1139 1094 1212 considero,

133 1222 307 1296 facilemque
334 1233 487 1296 praeterea
513 1221 678 1280 litterarum
700 1241 719 1278 u
741 1233 770 1280 et
791 1242 820 1282 n,
833 1223 1095 1297 permutationem,

134 1325 192 1382 qua
213 1306 288 1364 niltil
316 1307 348 1364 in
368 1303 447 1366 Msis
469 1315 549 1366 certe
575 1307 772 1382 frequentius,
802 1325 867 1364 eunt
895 1307 1019 1384 denique
1047 1307 1093 1370 laia

133 1392 273 1450 accedere
299 1391 458 1449 locutionis
480 1410 499 1448 a
520 1391 604 1448 arabia
630 1391 685 1449 hoe
706 1395 958 1470 loeoelegantem
979 1403 1095 1467 aptum·
1150 1447 1152 1452 ,

132 1497 189 1553 que
210 1496 294 1534 nsum
324 1477 476 1552 intelligo,
502 1475 645 1537 uniens.
668 1475 795 1541 Victoris
816 1475 888 1534 lllSo
911 1498 1002 1554 paene
1025 1477 1093 1534 snb·

133 1562 238 1620 scribo.
257 1561 340 1620 ,vide
355 1561 474 1620 Hotom.
489 1561 528 1618 ad
543 1580 604 1636 eap.
618 1565 668 1620 30.
697 1565 777 1630 Quae
793 1563 835 1620 ibi
849 1563 934 1620 uffart
949 1566 1092 1639 exempla,

132 1648 190 1706 ltue
211 1648 299 1706 senile
321 1645 534 1715 convolabunt,
556 1649 637 1710 illine
659 1649 819 1726 anfugient.
864 1647 964 1724 ltaque
987 1651 1090 1722 laetor,

132 1734 289 1800 Ernesto„
308 1751 392 1808 quem
424 1734 541 1807 plurimi
574 1753 673 1790 omnes
705 1735 810 1798 merito
841 1736 937 1791 virum
969 1735 1091 1802 faciunt,

132 1821 210 1877 idem
236 1819 331 1876 videri
360 1817 437 1900 (int.
461 1817 523 1877 Lat.
546 1837 574 1876 v.
598 1813 659 1897 ab).
702 1818 776 1875 Nam
805 1827 835 1874 et
864 1838 924 1894 cap.
948 1821 988 1876 310
1018 1821 1090 1878 illud

132 1905 363 1962 antonomasia
384 1904 514 1978 explieat
535 1904 709 1963 Graevianis
731 1905 888 1979 exemplis,
919 1905 987 1962 cltum
1008 1897 1090 1961 aimi-

132 1991 207 2050 libna
229 1990 389 2062 imminuet,
410 1987 538 2050 othurae
559 1991 669 2060 loeum,
696 1998 729 2049 ut
751 2001 795 2046 eat
816 1991 903 2050 unieo
926 1991 956 2047 in
979 1991 1089 2061 eotliee,

132 2079 229 2154 legere
254 2095 313 2132 non
336 2075 455 2132 dubitat.
493 2073 641 2131 Gnouton.
685 2071 755 2131 cod.
777 2072 808 2136 S.
834 2073 941 2132 Victor.
963 2077 1089 2148 seriptis,-

131 2181 195 2220 rnm
223 2181 243 2218 a
264 2161 364 2231 nobie,
393 2178 478 2238 quam
507 2161 681 2234 interpretes
709 2160 746 2216 utl
774 2177 865 2234 unum
894 2179 993 2222 enines
1021 2159 1090 2216 huie

130 2251 196 2306 loeo
218 2248 304 2304 unite
332 2255 557 2305 consentaneam
584 2265 646 2302 esse
676 2243 859 2318 iudicarunt,
875 2249 933 2304 ita
955 2257 987 2302 ut
1009 2258 1089 2305 certe

130 2336 162 2392 in
184 2332 239 2388 hae
260 2351 292 2388 re
314 2333 411 2410 codex!
429 2332 479 2389 ille
500 2331 594 2402 instar
616 2335 743 2390 omnium
766 2333 901 2390 videntur
928 2331 1088 2407 habendus,
1149 2319 1153 2338 ’

130 2419 248 2478 tentetai
274 2419 340 2474 loeo
367 2436 485 2474 movere
513 2419 545 2476 in
572 2421 669 2480 anime
696 2437 756 2476 nen
785 2432 847 2489 eet,
873 2427 987 2489 tamen,
1019 2419 1088 2494 quid

129 2505 272 2576 sentium,
303 2503 430 2580 ingenue
458 2501 654 2575 profitendum
682 2513 736 2564 est.
786 2503 979 2579 comprobata
1007 2504 1087 2560 illius

130 2590 241 2650 aeditis
268 2590 442 2647 auctoritate
471 2591 644 2647 sententiam
665 2588 762 2646 verbis
788 2590 884 2644 inesse
907 2590 1011 2665 negari
1033 2607 1087 2644 ne·

128 2677 194 2752 quit
216 2683 262 2732 sat
284 2676 455 2752 elegantem,
479 2682 539 2730 turn
554 2673 630 2748 quod
643 2673 872 2746 praepositiones
895 2689 914 2730 a
934 2683 963 2728 et
980 2681 1087 2728 conire

128 2762 187 2820 sibi
208 2761 333 2820 invitem
355 2777 562 2830 saepenumero
580 2767 765 2832 opponuntur
787 2759 893 2832 optime
916 2755 967 2833 (ef.
991 2753 1017 2837 §-
1035 2755 1086 2816 85.

127 2857 160 2906 et
181 2855 288 2904 conire
310 2844 471 2902 audaciora
484 2844 677 2916 fortissimus
699 2853 729 2898 et
747 2841 783 2898 ol
802 2839 1085 2912 *innocentianam

128 2943 191 2990 mm
213 2932 288 3006 quod
311 2928 401 2987 verba
423 2948 500 2986 nune
513 2929 585 3004 quid
606 2937 661 2998 esi,
683 2927 760 3004 quod
780 2929 931 3008 quisquam
951 2945 989 2986 ex
1003 2925 1086 2989 vobit

128 3019 236 3076 eadm
259 3016 407 3074 derideret
429 3015 490 3074 fere
511 3011 648 3093 flagitant
669 3015 842 3088 scripturam
858 3033 877 3070 a
892 3013 982 3082 nobie,
997 3031 1085 3088 quum

128 3105 247 3162 nonnisi
267 3104 310 3158 ale
333 3101 487 3162 videantur
509 3119 572 3156 esre
600 3099 790 3174 explicanda:
817 3101 882 3172 quis
903 3099 1019 3160 tandem
1040 3109 1085 3158 te-

127 3191 297 3247 stimonium
324 3199 471 3254 uestrum,
500 3185 575 3260 quotl
604 3187 636 3241 in
664 3203 717 3244 nee
746 3185 852 3244 dieturi
880 3185 968 3255 estis,
996 3203 1085 3260 quum

128 3275 208 3332 laeta
228 3283 329 3330 rastra
352 3291 371 3328 a
387 3271 469 3330 nolis
491 3280 594 3328 eontra
615 3270 806 3344 vosmetipsos
827 3265 954 3328 iaciantl
976 3269 1084 3328 Verum

125 3370 227 3418 tamen
247 3368 328 3416 reete
350 3358 452 3418 dieunt
473 3355 571 3418 Latini
595 3365 696 3426 stare,
725 3373 804 3428 esee,
825 3357 938 3428 faeere
963 3356 1000 3414 ab
1024 3357 1095 3414 oli-·

125 3465 205 3523 qno5
229 3447 341 3520 faeere
372 3442 486 3520 aliquid
513 3443 549 3500 nh
579 3441 678 3518 aliquo
704 3459 764 3498 nen
790 3442 869 3498 item.
904 3442 942 3498 ef.
965 3441 1025 3500 cic.
1048 3443 1083 3498 de

74 3523 76 3528 ¹
128 3531 241 3588 levent.
255 3527 317 3602 l,e.
331 3531 383 3586 48.
402 3527 429 3608 §-
443 3530 493 3586 nu.
524 3527 679 3584 Commune
701 3535 763 3600 eat,
777 3526 853 3604 quod
874 3527 965 3586 nitito
985 3526 1083 3602 mugit

127 3616 167 3672 ab
182 3615 381 3684 adversariis,
394 3633 481 3692 paam
496 3613 533 3670 ab
549 3611 630 3676 nulia
645 3611 741 3682 facit.
769 3611 833 3670 vid.
848 3611 964 3672 Hotom.
978 3613 1083 3668 Annot.

128 3703 166 3760 nil
187 3699 213 3782 ᾗ.
237 3701 286 3758 85.
328 3699 469 3775 Equidem
490 3717 579 3756 unum
606 3706 720 3762 ¹tantum
742 3699 827 3756 modo
850 3700 978 3766 excitate
1001 3695 1083 3770 polui

130 3788 298 3863 exetiiplum
314 3787 390 3862 apud
405 3782 498 3848 Cieer.
515 3784 552 3842 ad
563 3780 693 3846 iterem.
714 3781 753 3859 ll,
774 3805 799 3844 e.
813 3787 864 3848 27.
887 3784 912 3867 ᾗ.
927 3785 978 3840 43.
1006 3777 1083 3843 Item
1229 3823 1231 3830 ι
