2502 4386
183 298 267 378 258
290 293 613 364 aauoruatouas.
628 293 831 358 cnuxxtv.
844 299 932 378 pue.
949 295 1046 360 xxv.
1054 297 1146 379 pru.

181 473 372 535 tnuteattvum
403 467 459 528 ban
491 467 556 527 luen
585 464 800 546 praeferamur?
838 465 1025 527 Manifestum
1054 467 1143 541 enim,

183 561 279 620 verbis
301 575 376 636 puae
398 555 462 614 diet
483 563 704 631 neuterque-
731 563 875 633 repetunt
900 555 1065 612 accuratius
1093 570 1145 612 ex·

184 645 285 721 plicari
305 641 430 720 epitheta
461 639 603 698 urtiduue
625 639 867 718 domesticaeque.
911 639 947 696 ai.
970 657 1022 714 pra
1046 639 1145 708 Quint.

135 739 141 748 '
183 749 208 788 n.
231 730 260 786 3.
291 725 317 810 ξ.
344 729 391 785 ΙΙ.
419 743 480 784 uua
502 728 535 784 itt
556 744 590 783 re
611 727 708 782 minua
730 725 957 796 eonaiderutut,
978 724 1029 803 qui
1051 726 1145 784 tocie-

183 823 364 872 tatemerem
387 808 459 870 Sea.
480 808 597 869 Naeuia
611 812 739 886 feeerit.

269 896 295 981 ξ.
318 899 369 956 69.
420 895 457 956 Si
486 905 602 955 tuntum
623 897 770 971 farinae,
806 901 869 951 ram
899 893 1047 966 immane,
1081 903 1144 955 tent

184 983 322 1042 acerbum
344 979 491 1040 credituri
511 979 593 1060 aaut]
624 981 775 1039 Librorum
798 979 912 1037 Oxonn.
935 992 965 1038 et
985 991 1059 1040 vett.
1081 981 1144 1045 edd.

178 1073 370 1147 'acripturnm,
394 1081 467 1143 qnae
488 1087 505 1126 a
525 1065 732 1124 recentioribus
753 1065 958 1141 interpretibus
977 1076 1090 1124 mutata
1102 1069 1145 1125 ita

184 1167 244 1228 eat,
265 1163 299 1213 nt
319 1154 496 1229 reliquorum
517 1151 599 1210 cedd.
621 1153 793 1226 scripturam
818 1147 965 1208 credituri
986 1153 1050 1208 aiut
1070 1155 1146 1210 reei-

184 1251 300 1318 perent,
335 1237 420 1297 bodie
452 1238 603 1296 revocavit
631 1235 758 1293 Oreliiur
789 1253 910 1312 eumque
938 1233 1147 1296 Steinmetziua

184 1339 229 1384 eut
253 1335 400 1402 sequutus.
443 1324 467 1380 Α
491 1322 594 1399 quibus
623 1319 774 1378 dissentire
803 1321 963 1391 noluimus,
994 1333 1146 1397 propterea

185 1409 262 1488 quod
291 1407 380 1480 ded.
409 1407 525 1466 Oxunn.
555 1407 712 1464 auctoritas
739 1407 856 1464 minime
884 1405 1038 1464 ridebatur
1065 1419 1146 1483 purt-

121 1512 124 1520 ·
182 1495 314 1554 habentia
335 1511 405 1550 erae.
448 1489 507 1550 Sed
528 1504 624 1552 tamen
646 1491 735 1548 tatius
757 1491 813 1548 inei
834 1491 1006 1549 sententiam
1024 1492 1075 1549 ubi
1092 1513 1147 1552 ro·

183 1582 272 1638 luerit
294 1578 455 1638 accuratius
476 1577 650 1656 ponderare,
682 1575 773 1634 muita
800 1593 869 1652 prae
897 1593 929 1632 ee
959 1575 1036 1633 ferre
1065 1577 1145 1637 reri·

176 1659 254 1723 'tatia
281 1663 453 1721 documenta
478 1665 655 1738 reliquarum
684 1659 764 1718 tndd.
787 1662 959 1736 scripturam
981 1661 1061 1719 ared
1083 1664 1146 1721 tint

184 1753 241 1808 erit
262 1747 418 1807 fatendum.
461 1745 594 1806 Etenim
615 1743 763 1806 credituri
783 1754 855 1804 auat
875 1745 924 1804 ubi
939 1748 1145 1822 comprobarit,

185 1835 280 1892 ioeruu
302 1833 525 1908 interpretabere
547 1835 605 1890 eie:
635 1829 669 1889 Si
690 1832 799 1888 iudiuea
820 1849 924 1889 rererrr
941 1831 964 1888 ii
985 1843 1071 1906 runt,
1095 1835 1146 1910 qui

184 1939 216 1977 re
238 1919 394 2000 diiigenter
414 1919 556 1994 peuritnta
582 1915 693 1975 facinus
720 1915 875 1975 nefandum
902 1915 1036 1989 credent,
1069 1919 1147 1976 inter

185 2013 366 2083 argumenta,
388 2003 491 2078 quibus
513 2005 649 2061 commoti
665 2021 748 2060 turum
762 2001 871 2060 fuciunt
887 1999 1036 2073 iudicium,
1058 2005 1146 2061 etiam

185 2083 260 2148 illud
278 2091 317 2147 nit
338 2099 468 2164 opertet,
491 2087 567 2165 quod
589 2106 689 2146 manue
711 2088 792 2163 quari
808 2085 925 2144 uideant
940 2098 1060 2162 paterno
1078 2105 1145 2146 ean-

184 2177 272 2254 guine
292 2173 449 2248 adapertae.
492 2172 600 2232 Contra
628 2172 776 2230 credituri
796 2173 859 2231 tint
885 2169 936 2229 ubi
963 2175 1144 2247 praetuleris,

184 2259 355 2316 sententiam
384 2256 457 2315 bane
483 2275 544 2314 erae
571 2256 797 2317 eoncedendum:
826 2255 937 2316 iudicer
963 2264 998 2316 nt
1025 2257 1146 2316 eredunt

184 2344 295 2400 fanianu
318 2353 378 2398 tana
399 2343 539 2415 immane,
570 2351 617 2400 tot
644 2360 677 2399 nn
704 2344 794 2400 tantir
824 2349 939 2418 opertet
964 2341 1146 2400 adducantur

184 2427 379 2506 argumentis,
399 2437 435 2483 ut
454 2423 515 2483 iere
535 2427 654 2485 videant
675 2445 776 2485 manue
799 2439 858 2504 pat.
876 2445 958 2508 rung.
978 2427 1145 2504 adapemar3

184 2509 490 2594 (eredeiu1‚teean
511 2512 556 2569 uie
576 2509 706 2588 glauben
727 2509 849 2593 tollen.)
870 2545 914 2558 -

269 2595 340 2655 Car.
362 2552 456 2655 XXV.
483 2595 510 2676 ξ.
532 2597 583 2655 70.
627 2595 709 2669 Quot
730 2608 846 2657 nutura
866 2600 936 2678 ipen
957 2598 1092 2656 retinere
1112 2597 1145 2657 in

185 2668 281 2760 affieiu
312 2701 370 2742 aare
397 2683 563 2761 putuieaet
572 2717 612 2728 -
640 2715 683 2731 -
713 2717 753 2730 -
781 2681 1057 2764 annumerarentur]
1088 2681 1146 2740 Hie

184 2787 284 2828 rureur
318 2767 471 2847 legendam
504 2778 574 2844 puta
600 2775 712 2850 patret.
760 2767 837 2827 Nam
863 2789 929 2828 eum
955 2769 1013 2826 iam
1042 2785 1145 2844 peara-

183 2873 270 2928 vere,
297 2869 356 2911 nnn
383 2864 503 2931 pareunt
530 2871 622 2928 poene
649 2854 827 2914 anraiefiein
854 2853 1037 2912 summoveri.
1071 2849 1147 2911 Viri

184 2939 263 2999 abacti
293 2937 448 2997 haerere
438 2957 469 2996 ιιι
499 2939 647 3014 maleficia
675 2937 1145 2999 aummue.Fruetrn.1nt.u

178 3031 238 3082 'aut
259 3021 346 3095 adde,
376 3022 402 3080 ai
423 3025 525 3084 mavit.
569 3025 688 3084 Eraeet.
732 3027 771 3084 At
792 3045 851 3083 nnn
872 3043 979 3100 paena,
1001 3025 1052 3082 ted
1075 3043 1143 3100 poe·

184 3127 239 3166 nae
260 3109 399 3188 cogitatio
422 3127 488 3182 ene,
517 3123 588 3186 quot
614 3123 719 3172 natura
740 3109 890 3188 probibere
911 3129 971 3169 nnn
990 3111 1145 3188 patuisset,

184 3194 308 3251 retinere
330 3193 458 3253 debebat.
500 3193 592 3255 Beck.

269 3279 299 3353 ς.
321 3279 371 3336 70.
414 3281 439 3336 ii
464 3279 672 3358 magnitudine
694 3297 811 3360 paenae
836 3277 987 3352 ,meleficia
1016 3297 1144 3340 mmera-

184 3360 338 3442 verentur]
367 3361 441 3421 Mire
462 3366 555 3439 dixit,
582 3381 763 3425 tummeuere
791 3366 937 3439 maleficia
967 3383 1018 3443 pro
1046 3378 1144 3426 arcere

185 3461 214 3505 et
236 3447 387 3508 deterrere.
417 3447 537 3510 Horum.
568 3451 642 3509 Mat.
664 3469 803 3514 tammee.
847 3452 898 3510 Sia
918 3451 1024 3510 habent
1046 3467 1144 3510 earne·

184 3534 253 3590 libri
280 3542 310 3588 et
337 3549 479 3594 manuscr.
506 3547 536 3595 et
563 3539 643 3617 vulg.
686 3535 746 3594 Se‘d
774 3535 912 3595 Erasmus
940 3537 999 3614 legi
1026 3537 1144 3595 volebat

181 3615 336 3720 maiefieia
346 3634 456 3676 tumme
469 3633 656 3682 eruerentur.
684 3619 750 3682 Nan
766 3624 868 3698 planet.
891 3619 1024 3680 domiin.
1053 3619 1145 3680 court.

180 3705 301 3764 Oxnnrr.
321 3703 349 3760 ii
368 3706 516 3764 emittunt.
552 3705 617 3766 Non
638 3724 844 3788 repugnarem,
866 3707 916 3765 ubi
937 3718 1037 3770 totum,
1048 3706 1144 3764 laeum

181 3790 232 3848 tri
253 3792 296 3847 ria
316 3787 442 3849 uiderem
465 3808 526 3849 erse
548 3806 714 3852 exaratum:
750 3801 799 3864 ut,
829 3810 901 3872 puer
922 3823 966 3837 —
981 3793 1146 3872 putuieeet,

183 3874 360 3953 arngaitudu
373 3891 493 3956 ροσιιιιο
506 3875 653 3954 muiefiuie
666 3885 870 3939 summoueret.
897 3877 938 3938 ei.
950 3875 1046 3937 Fiunt.
1061 3875 1144 3954 capt.
