2502 4388
184 259 270 336 298
319 259 637 326 ANNOTATIONES.
680 258 931 322 clumvll.
953 263 980 339 p
999 265 1069 324 illd.

271 431 298 515 ᾗ.
314 436 382 492 106.
409 432 486 511 pund
505 433 701 510 turpicinn‘eua
723 431 801 492 banc
820 436 946 512 putatia]
970 433 1145 512 Suspicione

182 520 240 580 bae
267 522 407 590 utamini3
439 521 490 576 ced
523 522 665 576 translate
693 519 786 589 dixit,
821 532 854 578 ut
885 522 957 578 illud
990 523 1145 598 inaeqnena

183 606 329 663 oatcndit:
351 624 408 662 nou
430 624 484 681 ego
506 607 552 662 ila
574 604 752 681 diopulob05
773 624 841 664 nam
863 625 880 664 a
902 608 1023 664 calculis
1045 609 1147 683 ‹liupu-

146 687 151 700 “
184 691 266 748 tandi
288 690 408 749 verbum
432 701 575 765 cumptum
600 701 654 750 eat.
674 688 794 748 Hotom.
828 690 895 750 Non
917 711 988 767 opua
1007 692 1145 750 bucaub·

137 817 143 824 -
185 778 303 834 tilitate.
353 775 533 849 Simpliciter
562 776 657 834 dixit:
690 774 763 831 nibil
791 786 853 846 est,
881 787 915 834 ut
944 781 1053 852 putetis
1081 795 1145 835 aruc

180 863 389 936 auspicicnem,
409 861 486 936 quod
508 861 570 918 dixi
591 861 634 918 de·
648 860 772 935 proditio
793 881 812 918 e
834 860 948 919 Rosciis
970 862 1055 920 bonia
1072 861 1145 922 Se'x.

184 945 293 1004 Rcreii.
321 945 376 1002 Ert
396 948 460 1021 ipra
478 947 600 1015 veritur,
621 965 681 1003 non
703 949 838 1021 aurpiaio.
865 946 977 1006 Graan.
1002 947 1059 1006 Ed.
1071 948 1143 1006 Van.

188 1034 267 1089 1480
297 1049 413 1088 uentum
442 1031 519 1088 bunc
546 1033 617 1088 ratic
645 1041 794 1105 putentem
823 1037 998 1106 apertiorem
1028 1051 1143 1109 quoqne

181 1119 265 1186 fucit,
286 1134 372 1190 quum
394 1116 514 1172 habeat:
537 1116 613 1193 quod
633 1118 828 1192 auapioionem
850 1116 904 1174 lroo
922 1119 1046 1196 putatia.
1085 1120 1143 1186 Qui

182 1201 263 1260 Msn
276 1214 305 1258 et
322 1202 498 1260 editionibus
516 1203 645 1276 antiquit
667 1202 774 1260 divitea
796 1214 875 1275 sunt,
896 1205 1050 1262 lectionem
1066 1202 1143 1261 bane

182 1289 310 1346 examini
338 1288 509 1355 sufficient,
536 1304 649 1362 quoque
671 1286 871 1346 ait=bobendu
895 1291 959 1346 loco
986 1289 1142 1347 docebunt.

181 1373 262 1430 inira
283 1373 383 1428 endem
406 1372 450 1429 ed.
469 1372 558 1442 fidem
582 1391 619 1428 ac
646 1371 831 1446 clientelam,
860 1375 965 1449 dpipde
991 1395 1067 1432 veru
1093 1375 1141 1432 di·

181 1479 257 1516 cere.
290 1457 401 1514 Garat.
444 1459 537 1526 Quam
559 1454 649 1514 Codd.
676 1459 804 1532 quinque
822 1460 944 1516 Oxcnn.
972 1471 1060 1536 utque
1086 1459 1139 1516 Ed.

181 1543 283 1600 Venet.
305 1545 479 1618 scripturam
506 1553 692 1619 posteaquam
716 1545 903 1620 comprobavi
928 1547 989 1617 ita,
1017 1557 1051 1602 ut
1072 1565 1140 1603 ver·

181 1629 283 1688 borum
305 1629 401 1686 ordini
427 1647 491 1685 eam
516 1629 644 1686 interere
666 1638 841 1700 statuerem,
869 1631 998 1688 eamdem
1021 1632 1083 1688 uidi
1104 1629 1139 1690 ub

180 1713 391 1784 stemmatio,
421 1715 471 1790 qui
498 1716 585 1770 etiam
614 1716 645 1770 in
673 1723 811 1790 quattuor
839 1716 922 1773 codd.
944 1716 1053 1774 Porioi.
1076 1735 1141 1774 eam

179 1802 383 1878 investigavit,
405 1801 461 1856 iam
484 1818 547 1855 ease
567 1809 730 1877 reccptnm3
753 1801 840 1876 idque
860 1803 987 1858 luctatus
1003 1821 1068 1858 rum
1084 1803 1140 1860 mi·

178 1885 271 1944 rilicc.
308 1884 401 1943 Multo
416 1887 494 1944 enim
516 1883 731 1961 significantius
748 1885 858 1942 dictum
880 1896 925 1943 cat
945 1886 999 1945 boc
1013 1889 1139 1964 putatio,

179 1982 333 2046 propterea
355 1971 430 2046 quod
452 1973 573 2048 vulgata
597 1989 712 2028 rentum
739 1971 867 2028 admittit
893 1989 1054 2048 aancquom
1075 1992 1139 2033 am·

181 2056 310 2134 biguum.
353 2057 430 2125 Quid
451 2053 546 2114 enimi
580 2075 678 2113 nonne
699 2057 746 2112 vcl
768 2060 811 2114 ric
833 2068 929 2131 potest
950 2056 1078 2133 exponii
1105 2060 1139 2117 iu

133 2157 136 2162 ’
175 2141 235 2200 buo
248 2160 358 2200 caunac
380 2142 456 2200 nibil
477 2151 531 2213 cat,
554 2141 631 2220 quod
651 2143 845 2219 turpicionem
859 2142 937 2200 banc
957 2146 1083 2221 putetis,
1097 2179 1137 2192 --

177 2247 264 2306 quum
284 2230 422 2306 profacto
440 2227 505 2283 alic
526 2227 619 2286 locum
641 2226 752 2285 babeat
773 2228 922 2306 auapicio?
949 2231 1034 2298 Quod
1048 2249 1137 2306 quum

135 2365 137 2374 .
175 2315 220 2372 ita
242 2315 296 2383 cit,
318 2323 363 2370 tot
385 2313 467 2369 codd.
489 2315 664 2370 auctoritate
686 2312 829 2382 firmatum
852 2317 1028 2392 scripturam
1049 2336 1136 2393 repu-

175 2398 257 2457 diare
278 2399 433 2456 noluimua.

262 2479 287 2563 ξ.
314 2485 382 2540 illd.
426 2480 548 2539 Roaoior
569 2483 660 2540 ictum
687 2502 750 2541 rem
775 2484 818 2542 ad
841 2483 1063 2564 Chrysogonum
1085 2487 1137 2546 da·

176 2567 293 2647 tuliore]
328 2567 523 2626 Memorabilia
555 2577 601 2624 ert
634 2567 715 2629 codd.
752 2587 805 2628 ccx
838 2571 956 2630 Oxonn.
989 2575 1135 2647 scripturo

174 2654 326 2718 Raecium.
367 2654 529 2729 Utrumque
551 2664 686 2715 accurate
708 2657 907 2716 consideranti
930 2667 1010 2716 corte
1038 2659 1135 2716 fatam

167 2743 245 2802 -dum
257 2753 313 2813 cat,
333 2743 398 2800 vari
416 2758 486 2797 rane
498 2739 593 2799 videri
615 2741 802 2814 aimillimum‚
825 2753 917 2800 crtum
934 2763 997 2800 ease
1009 2743 1134 2802 Rouciou

174 2833 348 2904 toripturam
364 2845 451 2884 manu
473 2826 657 2884 librariorum
674 2829 880 2899 emendatrice‚
895 2847 981 2904 quum
994 2829 1132 2888 Roscium

174 2934 241 2972 cum
262 2913 448 2990 sequentibus
471 2915 635 2970 consociari
659 2932 718 2970 non
740 2933 823 2988 pom
844 2915 1003 2976 videretur.
1047 2916 1134 2982 Quod

174 3003 199 3056 ai
222 3002 369 3074 potueris,
398 2999 528 3074 prolecto
549 2997 687 3056 Roucium
716 2997 844 3056 iatebcrc
865 3000 1015 3058 commoda
1037 3002 1134 3078 expli·

170 3088 237 3142 cari
265 3084 310 3143 hia
337 3086 408 3160 iptia
435 3086 562 3142 oratorio
590 3085 706 3141 verbist
734 3104 830 3146 nonno
857 3089 1047 3163 perspicuum
1075 3095 1133 3158 cat,

174 3171 320 3243 cumdem,
343 3172 393 3248 qui
415 3168 586 3227 Ameriam?
615 3170 674 3228 vid.
697 3167 724 3251 ᾗ.
744 3171 817 3229 105.
861 3171 908 3228 Ex
936 3171 1039 3248 quibua
1068 3191 1132 3230 man

172 3255 281 3314 nileato
301 3257 462 3333 colligitur,
482 3275 541 3314 non
557 3253 678 3312 Roaciou
699 3275 760 3313 rem
782 3257 920 3314 detulirae
941 3257 978 3314 ad
1001 3256 1133 3334 Chryso·

173 3359 299 3418 penum,
326 3343 376 3398 aed
399 3343 477 3398 uolua
498 3343 548 3397 ille
571 3339 607 3398 T.
629 3341 752 3399 Roscius
773 3341 921 3420 Magnus„
941 3345 990 3418 qui
1012 3343 1132 3402 caedem

172 3426 344 3486 Sextiannm
373 3428 521 3486 nuntiavit
542 3427 697 3486 Ameriam.
740 3426 839 3503 Neque
867 3439 927 3484 tum
955 3429 1051 3485 aubita
1078 3430 1133 3486 illa

171 3513 285 3572 numeri
308 3513 470 3570 immutatio
493 3516 577 3590 plane
599 3531 677 3570 nova
698 3523 743 3569 ert
759 3513 954 3572 exiatimunda
972 3525 1060 3588 atque
1083 3516 1131 3572 in·

173 3599 283 3668 auditu,
307 3614 392 3670 quum
406 3598 506 3656 codem
528 3599 590 3656 iere
611 3601 669 3655 iam
685 3617 772 3674 cupra
783 3602 823 3656 ait
838 3599 941 3672 obvia3
964 3600 1001 3660 oi.
1014 3597 1041 3681 §
1060 3602 1129 3658 lul.

173 3683 250 3746 nibil
269 3701 342 3762 opus
356 3683 436 3756 suit,
460 3694 494 3742 ta
510 3687 565 3743 icti
584 3684 726 3756 credar-a,-
748 3704 838 3763 neque
860 3687 937 3744 anim
952 3695 1130 3744 uccutolon
1234 3745 1235 3751 ,

172 3782 251 3831 muto
273 3787 363 3847 noque
386 3777 462 3827 tauta
490 3772 642 3848 quitquam
670 3773 767 3830 utitur
790 3791 838 3846 ec,
872 3772 922 3849 qui
944 3769 980 3829 de
1003 3789 1130 3830 occutu-

172 3859 247 3916 tnm'o
270 3853 407 3916 tubeallio
430 3857 537 3932 rurgit.
566 3853 636 3913 Huc
657 3858 785 3931 accedit,
804 3859 882 3936 quod
900 3856 1005 3935 paullo
1025 3866 1128 3916 tamara
