2502 4388
213 275 537 346 nunorurrouus.
579 281 856 368 cur.xxxv.·p
870 281 939 348 roo.
989 253 1074 366 pap

106 453 310 516 tendentium
332 451 446 531 potuit,
475 465 510 514 ut
535 453 604 514 irato
631 457 725 532 palma
750 455 859 516 iudicio
875 457 932 516 illo
953 457 1068 520 demum

106 541 218 601 Romoc
247 537 472 600 concedereturl
514 540 670 600 Lemniacis
703 541 828 618 pulmo
833 547 929 620 potuit
957 543 1068 604 Romae

107 627 207 688 ornari
231 621 282 711 (cf.
304 627 412 686 Auaon.
434 624 507 700 Epp.
528 625 608 700 XX,
631 623 692 711 d.,)
722 625 866 684 deierri
856 631 1066 703 perminima.

105 711 327 770 Verumtamen
350 729 386 768 ne
407 711 442 767 de
463 710 517 770 hoo
539 669 651 786 quidem
674 712 784 787 palmae
804 710 929 784 honore,
952 724 985 773 ut
1005 734 1067 776 rem
1117 727 1125 746 ’

39 841 41 846 .
104 808 224 856 tueatur
243 814 343 866 eoam,
365 797 494 874 cogitare
515 806 608 872 potert
622 795 806 856 Matthieeur.
845 795 971 856 Polmem
989 802 1066 862 enine

104 881 314 940 lemnieootem
336 899 423 956 quum
446 881 482 938 dc
502 883 617 938 reelcria
639 884 765 958 praemio
781 881 914 956 Capitoni
931 901 1065 944 coneeero

103 967 298 1035 intellexerit,
320 968 527 1024 consectarium
550 977 594 1024 eat
614 969 791 1039 ncceeaerio,
813 967 857 1026 hir
878 969 948 1043 ipeie
966 967 1066 1028 fundit

105 1054 229 1128 pelmnm
253 1054 331 1110 illem
354 1052 411 1108 inm
432 1069 493 1108 eesc
515 1053 714 1125 conspicuum,
741 1051 770 1110 h.
793 1053 984 1110 clemonem
1005 1055 1064 1114 iam

104 1137 283 1196 adornatam.
323 1137 401 1206 Qtror
424 1154 511 1212 quum
527 1137 730 1215 Chrysogonus
747 1135 881 1212 Capitoni
902 1138 960 1195 iam
981 1137 1064 1198 elota

106 1221 197 1292 decit,
230 1239 393 1298 perversum
421 1220 513 1292 soret,
544 1222 594 1278 ιιΙιί
621 1221 732 1280 eosdem
754 1221 863 1280 Romee
884 1222 940 1280 ribi
961 1221 1065 1299 Cupito

105 1309 246 1368 roluireet
275 1306 394 1379 deterri,
431 1323 519 1382 quum
547 1308 673 1388 concprei
701 1309 811 1381 palmae
838 1308 967 1366 lemnisci
995 1325 1066 1369 eant

105 1392 271 1450 confirmari
292 1391 400 1450 Romae
422 1403 539 1464 portent
560 1411 594 1449 ec
614 1393 672 1450 ruti
693 1391 772 1464 fieri,
794 1392 845 1452 aed
861 1403 956 1450 temen
969 1392 1063 1476 dpnuo

106 1477 213 1534 deferri
235 1477 359 1535 minime
402 1475 483 1534 Nihil
509 1477 602 1552 igitur
628 1494 868 1556 repugnaremue,
899 1477 926 1533 ei
953 1479 1065 1557 legere-

105 1579 185 1619 mue:
218 1579 296 1641 pene
317 1561 429 1620 Romae
456 1561 649 1633 confirmetur
674 1560 764 1619 Sexto
786 1561 892 1620 Rorcio
915 1559 1065 1638 Capitoni!

105 1648 231 1722 impulsu
259 1648 455 1706 condemnato.
499 1646 699 1705 Verumtamen
728 1627 797 1706 haec
819 1649 898 1707 riam
919 1648 1064 1722 muniunt,-

104 1749 160 1807 qua
183 1751 283 1791 rerum
305 1735 445 1808 pcraimor
466 1731 614 1810 indagare.
657 1729 783 1791 Palmam
805 1733 881 1789 enim
906 1731 1065 1790 tenattem

105 1826 168 1875 tom
192 1817 227 1874 de
247 1819 382 1876 maximia
404 1819 461 1876 illia
484 1819 697 1887 emolumentis,
728 1835 802 1893 quae
822 1818 876 1872 etti
899 1814 1002 1892 Capita
1025 1837 1062 1878 ex

105 1903 191 1960 caede
207 1901 292 1962 Sexti
305 1902 404 1961 Roscii
426 1903 583 1978 pepererit,
606 1921 743 1980 negamur
758 1914 826 1959 'esee
838 1902 1064 1980 intelligendam.

106 1988 182 2054 (totu
205 1985 302 2046 enimi
330 2005 400 2046 num
420 1990 531 2063 reliqua
553 2005 617 2046 eum
638 1989 811 2044 coertmirieae
840 1987 980 2048 arnieficie
1001 2007 1065 2044 crea

106 2071 194 2130 dibile
222 2085 266 2132 eet
291 2075 353 2132 otoo
378 2093 429 2150 epe
455 2085 541 2148 atque
564 2067 777 2130 emolumentol
807 2071 846 2131 ci.
866 2069 892 2153 §.
910 2073 966 2130 ¹84.
1009 2069 1065 2132 Sto

103 2159 171 2216 cito
193 2156 341 2216 domiuum
362 2166 425 2231 eet,
448 2167 481 2214 ut
503 2158 546 2215 ad
565 2156 743 2230 molpice'am
762 2176 844 2216 nemo
864 2159 1065 2220 oonetareine

105 2261 156 2322 tpe
179 2253 270 2322 atque
291 2243 482 2303 emolumento
505 2243 655 2302 accedere.
668 2277 712 2288 --
740 2245 779 2302 dt
794 2261 863 2302 nece
876 2240 964 2302 Sexti
980 2257 1065 2320 pree·

106 2330 292 2388 clarissimam
318 2331 373 2388 rili
395 2330 550 2405 acquisivit
576 2330 784 2405 posterrionem
805 2328 926 2404 Cepito,
956 2331 999 2388 ita
1027 2341 1062 2392 ut

105 2414 258 2474 admodum
271 2413 477 2494 eignilicanter
502 2413 571 2472 hacc
598 2415 676 2473 dicta
697 2417 737 2474 rit
758 2416 857 2474 caeder
877 2417 971 2491 palmo
992 2417 1064 2474 leur·¹

104 2501 291 2559 nitentat—
318 2498 416 2567 Quint
440 2499 580 2560 undenam
601 2502 669 2560 tciri
691 2502 863 2573 contendet,
885 2502 996 2574 reliqua
1017 2501 1063 2560 ic*

105 2587 204 2644 cinara
224 2603 282 2644 non
305 2596 386 2644 tante
406 2583 541 2660 Capitoni
562 2588 693 2646 attulieee
715 2582 883 2644 commodai
915 2582 974 2640 Sed
994 2583 1065 2644 haee

105 2669 264 2729 mittamur.
307 2669 381 2728 iliud
404 2671 584 2748 urgebimus,
612 2672 762 2745 perspicua
790 2685 917 2729 veterum
939 2669 1066 2744 scripto-

105 2774 170 2814 rum
192 2765 306 2814 exrtare
328 2756 509 2826 testimonia,
538 2755 641 2832 quidue
662 2756 812 2812 lemniacos
824 2751 909 2826 apud
930 2752 1066 2826 antiquo·
1177 2769 1180 2776 ¹
1237 2759 1238 2766 ’

105 2840 336 2915 comprobetur
327 2859 358 2897 ιιι
379 2859 432 2898 ueu
454 2839 543 2896 fuisse
563 2840 646 2899 vel
637 2840 758 2910 iccirco,
786 2848 821 2896 ut
847 2854 935 2912 prope
962 2837 1065 2914 ringo

103 2928 175 2984 lorir
197 2927 408 3004 significaretur
428 2928 475 2988 nel
495 2925 538 2980 rei
557 2925 606 2984 rel
618 2922 741 2980 hominio
756 2921 847 2980 honor
863 2932 950 2995 atque
966 2921 1067 3000 digni·

106 3024 161 3070 tat.
198 3010 234 3068 ci.
262 3007 345 3070 Serv.
373 3009 410 3068 ad
432 3009 512 3087 Virg.
534 3009 605 3067 Aen.
627 3008 668 3081 V,
698 3029 726 3067 v.
748 3010 821 3066 269.
849 3014 881 3064 et
907 3005 1065 3083 tigne'fied

104 3093 301 3156 lamentatae
322 3111 466 3169 coronat,
489 3113 566 3173 puae
588 3102 658 3152 eunt
679 3093 715 3150 de
729 3090 896 3167 frondibue
917 3101 947 3152 et
968 3092 1068 3151 discos

105 3181 218 3241 loe-idae
232 3181 370 3254 foeciie3
399 3190 447 3252 et,
475 3183 554 3239 ticet
581 3179 677 3237 Varro
699 3178 791 3250 dicit,
819 3179 924 3254 magni
944 3175 1066 3238 tuente

106 3276 185 3328 aaut.
227 3269 336 3324 Auaou.
358 3265 431 3342 Epp.
451 3265 536 3336 XX,
564 3264 592 3328 5.
635 3263 677 3322 Et
698 3282 775 3341 petae
796 3263 858 3321 ieet
879 3263 988 3322 dudum
1010 3265 1067 3322 titt

101 3353 210 3434 palera
233 3352 354 3430 paetico
373 3354 486 3430 floret,
515 3348 665 3410 lemniaco
688 3359 799 3408 ornato
822 3356 883 3421 eet,
912 3368 969 3427 peto
997 3359 1067 3409 area

100 3438 209 3518 palma
232 3445 327 3496 caret.
370 3440 451 3504 Quae
473 3455 560 3512 puum
582 3437 719 3512 iterim,
742 3435 1066 3513 mimineilludimpe

105 3539 184 3582 trare
205 3520 241 3581 ab
263 3525 360 3580 animo
382 3541 545 3598 pontumue,
568 3533 602 3579 ut
623 3518 658 3578 de
679 3517 803 3594 praediis
825 3521 883 3578 illie
905 3523 1081 3600 cogitemue·

106 3607 242 3684 Capitoni
271 3607 403 3678 donatio,
434 3608 602 3681 proeeertim
631 3624 734 3680 quum,
766 3605 816 3664 ubi
843 3604 898 3665 hoe
925 3603 1066 3683 probarit,

104 3692 194 3752 verim
230 3711 308 3771 perae
336 3691 449 3752 Romae
476 3690 506 3749 d.
536 3689 683 3750 commode
718 3693 824 3767 exponi
857 3709 916 3752 non
949 3701 1066 3768 queant.

103 3773 168 3838 darn
198 3796 268 3838 vero
295 3777 412 3837 attende
441 3777 567 3838 animum
594 3775 691 3852 paullo
721 3779 883 3836 accuratior
913 3777 950 3836 ed
977 3773 1067 3836 reric

104 3861 218 3924 multem
239 3863 388 3939 infamer,
416 3871 445 3924 et
466 3859 609 3938 fatebere,
637 3862 754 3923 couniri
774 3862 817 3922 eie
838 3863 898 3920 iere
918 3857 1066 3922 commode

809 3961 862 4037 19
