2488 4376
236 259 239 282 '
296 263 376 324 PRO
399 263 489 324 SEX.
511 263 656 324 Roscio
678 263 868 323 aMaatNo.
979 259 1063 338 109

98 433 216 528 bona,
254 459 346 533 qaae
379 435 507 508 Roscii
539 435 701 524 suerunt,
743 445 803 506 tua
838 433 933 508 saeta
965 446 1063 546 eaatg

97 556 232 628 ioeiroo
251 554 345 626 iruna
363 555 458 629 illius
474 555 585 628 filium
603 553 724 626 studes
743 553 915 650 perdere,
943 581 1062 628 nonne

97 674 280 766 ostendis,
315 674 352 746 id
382 687 417 747 to
448 677 585 765 vereri,
619 673 715 770 quod
749 684 890 770 praeter
921 687 1061 748 ceteros

97 793 174 896 tw)
202 804 362 866 metuere
388 820 460 866 non
486 793 618 867 debeas
635 791 693 888 l¹),
728 819 774 864 ne
803 791 945 892 quando
971 793 1061 867 libe·

96 916 145 985 ris
187 914 472 1010 proscriptorum
514 913 609 986 hona
651 913 765 1009 patria
777 913 806 1008 e)
845 912 1060 986 reddantur?

99 1029 191 1104 1⁴6.
237 1032 345 1104 Facis
370 1023 546 1104 ¹iniuriam
564 1032 621 1123 d),
674 1031 908 1132 Chrysogono
930 1033 984 1126 ο).,ὶ
1028 1034 1061 1115 si

97 1152 270 1224 maiorem
296 1177 395 1249 spem
423 1153 610 1248 emptionis
642 1162 723 1225 tuae
754 1154 791 1222 ia
816 1151 920 1252 haias
950 1153 1060 1228 exitio

15 1299 16 1306 ¹
97 1273 220 1367 ponis,
258 1297 363 1368 quam
396 1273 433 1342 in
462 1269 550 1370 iisff)
586 1269 716 1363 rebus,
754 1297 842 1369 quas
874 1270 923 1342 L.
957 1270 1060 1344 Sulla

99 1393 222 1488 pessit.
288 1389 398 1481 Quod
431 1393 470 1463 si·
495 1389 561 1464 tibi
596 1417 720 1463 caussa
754 1389 849 1462 nulia
885 1400 958 1482 est,
996 1415 1061 1462 our

28 1533 35 1560 t
98 1509 190 1582 huno
203 1510 386 1582 miseram
412 1521 508 1582 tanta
534 1509 731 1584 calamitate
759 1509 853 1580 affici
883 1508 992 1602 velis,
1027 1510 1061 1582 si
1189 1533 1191 1538 ·

97 1630 160 1702 tibi
193 1629 314 1702 omnia
346 1654 409 1701 sua
442 1640 585 1726 praeter
616 1630 768 1700 animam
807 1628 953 1700 tradidit
991 1653 1058 1702 aea

100 1749 176 1822 sibi·
200 1748 394 1848 quidquam
430 1760 615 1846 paternum
648 1744 696 1820 iro
729 1750 947 1820 monumenti
981 1749 1062 1846 qui·

99 1869 176 1944 dam
203 1893 329 1942 caussa
356 1867 446 1940 olam
476 1867 672 1942 reservavit
688 1864 742 1968 t),
782 1892 847 1964 per
881 1866 1058 1940 deos'im·
1190 1872 1193 1876 ’

99 1987 287 2062 mortales!
317 2013 407 2086 quae
433 1990 500 2061 ista
525 1997 622 2059 tanta
644 1985 834 2059 erudelitas
857 1986 935 2057 esti
966 2010 1060 2083 quaa
1113 2051 1116 2061 .

98 2119 167 2180 tam
203 2109 283 2180 fera
316 2111 549 2206 immanisque
582 2105 731 2178 natura?
769 2104 861 2196 Quis
893 2129 1059 2202 umquam

99 2229 232 2326 praedo
260 2229 326 2300 suit
345 2239 417 2300 tam
434 2228 612 2318 aesarius,
642 2227 721 2323 qais
742 2227 856 2322 pirata
881 2236 952 2297 tam
976 2224 1058 2298 bar·

99 2347 225 2444 harus,
239 2419 243 2428 ,
258 2359 317 2440 ut,
347 2375 454 2447 quum
480 2349 654 2446 integram
679 2345 847 2443 praedam
874 2346 950 2418 siae
976 2373 1058 2426 saa·

101 2472 205 2568 gaino
228 2468 362 2541 habere
387 2475 531 2564 posset,
560 2475 706 2538 eruenta
731 2465 845 2562 spolia
870 2464 1061 2539 detrahere

100 2590 241 2665 maliet?
276 2586 369 2662 147.
398 2587 481 2660 Seis
505 2585 600 2658 huno
617 2582 651 2678 ¹¹)
676 2584 765 2696 pihii
790 2582 943 2676 habere,
970 2583 1060 2656 nihil
1136 2598 1137 2607 ’

182 2808 217 2894 a)
245 2819 275 2870 to
298 2810 353 2870 Ox.
374 2834 402 2884 χ.
450 2803 485 2888 b)
512 2807 639 2868 debebat
660 2806 733 2864 oeni.
755 2803 896 2884 Heusing.
946 2801 975 2889 o)
997 2824 1060 2886 pa.

102 2915 191 2972 triam
222 2913 280 2976 Ox.
303 2913 334 2972 C.
387 2913 421 2991 d)
451 2913 566 2971 iniuria
596 2909 651 2968 Ox.
674 2905 705 2965 C.
727 2939 769 2952 -
794 2906 885 2979 faeie
914 2909 1059 2968 iniuriam

101 3015 132 3074 L.
153 3015 261 3074 Sullae
282 3015 378 3074 Lamo.
406 3015 495 3073 1566.
539 3011 567 3094 e)
599 3009 789 3088 Chrysogono
812 3007 868 3067 Ox.
890 3008 921 3068 C.
963 3007 989 3095 i)
1019 3013 1059 3072 ita

102 3118 155 3177 01.
178 3118 211 3178 C.
234 3119 331 3178 iaarb.
361 3117 411 3177 Or.
436 3153 476 3164 -
505 3119 591 3196 Voig.
609 3109 674 3172 >aas
725 3109 758 3192 g)
787 3108 839 3168 Sia
866 3112 995 3174 dedimus
1022 3136 1060 3176 ox

101 3223 179 3280 codd.
196 3223 266 3280 virt·
282 3231 342 3279 not.
364 3253 407 3266 -
428 3240 465 3279 aa
486 3218 666 3278 monumenti
687 3232 797 3272 cauom
818 3213 902 3274 alara
923 3221 1060 3279 amarit

102 3321 216 3384 Oxonn.
238 3323 269 3383 C.
292 3321 321 3382 H
353 3322 385 3382 S.
407 3323 476 3381 Cod.
498 3321 529 3380 S.
551 3322 661 3379 Viator.
686 3338 720 3377 ao
742 3323 922 3378 monumenti
943 3323 1059 3401 puidam

101 3425 181 3488 olore
202 3403 341 3486 eerraira
362 3429 422 3487 eod.
442 3426 505 3494 Pet
525 3435 619 3482 oetav-
634 3456 673 3468 -
697 3421 772 3480 doro
794 3427 929 3484 serravit
945 3427 1059 3484 Oxonn.

102 3523 135 3587 Τ.
154 3553 181 3602 χ.
210 3529 289 3589 olam
319 3531 489 3590 reservavit
519 3525 575 3582 Ox.
605 3544 636 3600 p.
672 3545 708 3586 ao
734 3529 915 3588 monumenti
943 3523 1059 3605 quidm

101 3629 175 3690 riom
196 3635 335 3691 servavit
348 3623 417 3692 ¹cod.
439 3631 501 3690 Pal.
523 3629 605 3704 prim.
632 3627 717 3710 Voig.
740 3629 817 3689 riam
840 3631 994 3688 omittitur.
1014 3657 1060 3676 -ι

101 3728 155 3792 Pro
181 3738 362 3794 monumenti
383 3735 441 3794 Ox.
459 3755 488 3806 χ.
515 3739 740 3792 monumentum.
783 3727 817 3816 ir)
845 3747 923 3791 nano
944 3728 1059 3787 Ortona.

100 3833 352 3911 oasa*
