<?xml version="1.0" encoding="UTF-8"?>
<!DOCTYPE html PUBLIC "-//W3C//DTD XHTML 1.0 Transitional//EN"
    "http://www.w3.org/TR/xhtml1/DTD/xhtml1-transitional.dtd">
<html xmlns="http://www.w3.org/1999/xhtml" xml:lang="en" lang="en">
 <head>
  <title>
</title>
<meta http-equiv="Content-Type" content="text/html;charset=utf-8" />
  <meta name='ocr-system' content='tesseract 3.04.00' />
  <meta name='ocr-capabilities' content='ocr_page ocr_carea ocr_par ocr_line ocrx_word'/>
</head>
<body>
  <div class='ocr_page' id='page_1' title='image "./mtulliiciceroni77cicegoog_0297.png"; bbox 0 0 2502 4388; ppageno 0'>
   <div class='ocr_carea' id='block_1_1' title="bbox 173 285 1038 372">
    <p class='ocr_par' dir='ltr' id='par_1_1' title="bbox 173 285 1038 372">
     <span class='ocr_line' id='line_1_1' title="bbox 173 285 1038 372; baseline -0.008 -18"><span class='ocrx_word' id='word_1_1' title='bbox 173 291 260 372; x_wconf 69' lang='lat' dir='ltr'><strong>aad</strong></span> <span class='ocrx_word' id='word_1_2' title='bbox 309 287 629 355; x_wconf 80' lang='lat' dir='ltr'><strong>aaaoaaaronna</strong></span> <span class='ocrx_word' id='word_1_3' title='bbox 666 289 755 355; x_wconf 80' lang='grc' dir='ltr'><strong>ιιι.</strong></span> <span class='ocrx_word' id='word_1_4' title='bbox 769 285 902 352; x_wconf 83' lang='lat' dir='ltr'><strong>xxxv.</strong></span> <span class='ocrx_word' id='word_1_5' title='bbox 924 293 952 368; x_wconf 69' lang='lat' dir='ltr'><strong>a.</strong></span> <span class='ocrx_word' id='word_1_6' title='bbox 968 291 1038 348; x_wconf 86' lang='lat' dir='ltr'><strong>ran.</strong></span> 
     </span>
    </p>
   </div>
   <div class='ocr_carea' id='block_1_2' title="bbox 179 451 1141 626">
    <p class='ocr_par' dir='ltr' id='par_1_2' title="bbox 179 451 1141 626">
     <span class='ocr_line' id='line_1_2' title="bbox 179 451 1139 545; baseline -0.009 -18"><span class='ocrx_word' id='word_1_7' title='bbox 179 485 261 545; x_wconf 81' lang='lat' dir='ltr'><strong>poree</strong></span> <span class='ocrx_word' id='word_1_8' title='bbox 282 462 449 522; x_wconf 75' lang='lat' dir='ltr'><strong>continuari</strong></span> <span class='ocrx_word' id='word_1_9' title='bbox 470 456 641 536; x_wconf 81' lang='lat' dir='ltr'><strong>orationem,</strong></span> <span class='ocrx_word' id='word_1_10' title='bbox 662 463 739 520; x_wconf 86' lang='lat' dir='ltr'><strong>hana</strong></span> <span class='ocrx_word' id='word_1_11' title='bbox 754 462 857 522; x_wconf 84' lang='lat' dir='ltr'><strong>Roaoii</strong></span> <span class='ocrx_word' id='word_1_12' title='bbox 877 451 994 520; x_wconf 85' lang='lat' dir='ltr'><strong>eaedem</strong></span> <span class='ocrx_word' id='word_1_13' title='bbox 1010 463 1139 520; x_wconf 82' lang='lat' dir='ltr'><strong>omnium</strong></span> 
     </span>
     <span class='ocr_line' id='line_1_3' title="bbox 180 547 1141 626; baseline -0.009 -14"><span class='ocrx_word' id='word_1_14' title='bbox 180 572 243 612; x_wconf 74' lang='lat' dir='ltr'><strong>aare</strong></span> <span class='ocrx_word' id='word_1_15' title='bbox 264 555 312 609; x_wconf 80' lang='lat' dir='ltr'><strong>vei</strong></span> <span class='ocrx_word' id='word_1_16' title='bbox 334 553 460 608; x_wconf 80' lang='lat' dir='ltr'><strong>maxime</strong></span> <span class='ocrx_word' id='word_1_17' title='bbox 481 551 635 621; x_wconf 75' lang='lat' dir='ltr'><strong>infamem,</strong></span> <span class='ocrx_word' id='word_1_18' title='bbox 666 566 754 626; x_wconf 89' lang='lat' dir='ltr'><strong>quam</strong></span> <span class='ocrx_word' id='word_1_19' title='bbox 775 553 833 605; x_wconf 88' lang='lat' dir='ltr'><strong>iam</strong></span> <span class='ocrx_word' id='word_1_20' title='bbox 856 566 890 605; x_wconf 94' lang='lat' dir='ltr'><strong>eo</strong></span> <span class='ocrx_word' id='word_1_21' title='bbox 912 547 1018 622; x_wconf 86' lang='lat' dir='ltr'><strong>Capito</strong></span> <span class='ocrx_word' id='word_1_22' title='bbox 1041 565 1141 606; x_wconf 78' lang='lat' dir='ltr'><strong>aeeon·</strong></span> 
     </span>
    </p>
   </div>
   <div class='ocr_carea' id='block_1_3' title="bbox 79 635 1141 711">
    <p class='ocr_par' dir='ltr' id='par_1_3' title="bbox 79 635 1141 711">
     <span class='ocr_line' id='line_1_4' title="bbox 79 635 1141 711; baseline -0.008 -14"><span class='ocrx_word' id='word_1_23' title='bbox 79 649 83 666; x_wconf 78' lang='grc'><em>’</em></span> <span class='ocrx_word' id='word_1_24' title='bbox 180 641 252 697; x_wconf 82' lang='lat' dir='ltr'><strong>aerit</strong></span> <span class='ocrx_word' id='word_1_25' title='bbox 274 650 303 694; x_wconf 88' lang='lat' dir='ltr'><strong>et</strong></span> <span class='ocrx_word' id='word_1_26' title='bbox 324 637 463 693; x_wconf 76' lang='lat' dir='ltr'><strong>audaciae</strong></span> <span class='ocrx_word' id='word_1_27' title='bbox 481 636 729 711; x_wconf 83' lang='lat' dir='ltr'><strong>et&#39;impudentiae,</strong></span> <span class='ocrx_word' id='word_1_28' title='bbox 750 645 785 692; x_wconf 86' lang='lat' dir='ltr'><strong>at</strong></span> <span class='ocrx_word' id='word_1_29' title='bbox 798 635 873 691; x_wconf 89' lang='lat' dir='ltr'><strong>hane</strong></span> <span class='ocrx_word' id='word_1_30' title='bbox 886 637 1010 709; x_wconf 85' lang='lat' dir='ltr'><strong>palmam</strong></span> <span class='ocrx_word' id='word_1_31' title='bbox 1026 635 1141 709; x_wconf 86' lang='lat' dir='ltr'><strong>pabiioe</strong></span> 
     </span>
    </p>
   </div>
   <div class='ocr_carea' id='block_1_4' title="bbox 180 718 1142 884">
    <p class='ocr_par' dir='ltr' id='par_1_4' title="bbox 180 718 1142 884">
     <span class='ocr_line' id='line_1_5' title="bbox 180 718 1141 796; baseline -0.008 -14"><span class='ocrx_word' id='word_1_32' title='bbox 180 725 330 782; x_wconf 83' lang='lat' dir='ltr'><strong>lemniaoia</strong></span> <span class='ocrx_word' id='word_1_33' title='bbox 350 725 475 778; x_wconf 84' lang='lat' dir='ltr'><strong>voluerit</strong></span> <span class='ocrx_word' id='word_1_34' title='bbox 496 724 605 780; x_wconf 90' lang='lat' dir='ltr'><strong>ornari.</strong></span> <span class='ocrx_word' id='word_1_35' title='bbox 649 723 730 789; x_wconf 78' lang='lat' dir='ltr'><strong>Quae</strong></span> <span class='ocrx_word' id='word_1_36' title='bbox 759 739 845 796; x_wconf 88' lang='lat' dir='ltr'><strong>quum</strong></span> <span class='ocrx_word' id='word_1_37' title='bbox 868 723 916 776; x_wconf 90' lang='lat' dir='ltr'><strong>ita</strong></span> <span class='ocrx_word' id='word_1_38' title='bbox 944 737 974 776; x_wconf 79' lang='lat' dir='ltr'><strong>ae</strong></span> <span class='ocrx_word' id='word_1_39' title='bbox 1002 718 1141 787; x_wconf 76' lang='lat' dir='ltr'><strong>habeant,</strong></span> 
     </span>
     <span class='ocr_line' id='line_1_6' title="bbox 180 804 1142 884; baseline -0.006 -17"><span class='ocrx_word' id='word_1_40' title='bbox 180 809 271 867; x_wconf 78' lang='lat' dir='ltr'><strong>verba</strong></span> <span class='ocrx_word' id='word_1_41' title='bbox 291 807 452 884; x_wconf 82' lang='lat' dir='ltr'><strong>opinabere</strong></span> <span class='ocrx_word' id='word_1_42' title='bbox 469 809 512 864; x_wconf 82' lang='lat' dir='ltr'><strong>aio</strong></span> <span class='ocrx_word' id='word_1_43' title='bbox 535 809 752 883; x_wconf 87' lang='lat' dir='ltr'><strong>explanatam</strong></span> <span class='ocrx_word' id='word_1_44' title='bbox 743 808 782 862; x_wconf 81' lang='lat' dir='ltr'><strong>ari</strong></span> <span class='ocrx_word' id='word_1_45' title='bbox 801 807 918 881; x_wconf 87' lang='lat' dir='ltr'><strong>optime,</strong></span> <span class='ocrx_word' id='word_1_46' title='bbox 939 805 988 861; x_wconf 90' lang='lat' dir='ltr'><strong>ubi</strong></span> <span class='ocrx_word' id='word_1_47' title='bbox 1003 804 1050 861; x_wconf 84' lang='lat' dir='ltr'><strong>hie</strong></span> <span class='ocrx_word' id='word_1_48' title='bbox 1066 823 1142 882; x_wconf 80' lang='lat' dir='ltr'><strong>pane</strong></span> 
     </span>
    </p>
   </div>
   <div class='ocr_carea' id='block_1_5' title="bbox 182 881 1144 968">
    <p class='ocr_par' dir='ltr' id='par_1_5' title="bbox 182 879 1241 970">
     <span class='ocr_line' id='line_1_7' title="bbox 182 881 1144 968; baseline -0.007 -16"><span class='ocrx_word' id='word_1_49' title='bbox 182 894 218 956; x_wconf 89' lang='lat' dir='ltr'><strong>R.</strong></span> <span class='ocrx_word' id='word_1_50' title='bbox 243 894 305 968; x_wconf 86' lang='lat' dir='ltr'><strong>def.</strong></span> <span class='ocrx_word' id='word_1_51' title='bbox 333 881 553 968; x_wconf 78' lang='lat' dir='ltr'><strong>praeoeddntem</strong></span> <span class='ocrx_word' id='word_1_52' title='bbox 575 895 708 950; x_wconf 77' lang='lat' dir='ltr'><strong>naeniam</strong></span> <span class='ocrx_word' id='word_1_53' title='bbox 740 892 946 949; x_wconf 66' lang='lat' dir='ltr'><strong>lemniscatam</strong></span> <span class='ocrx_word' id='word_1_54' title='bbox 974 891 1144 946; x_wconf 79' lang='lat' dir='ltr'><strong>aeoaratiaa</strong></span> 
     </span>
    </p>
   </div>
   <div class='ocr_carea' id='block_1_6' title="bbox 182 975 1142 1058">
    <p class='ocr_par' dir='ltr' id='par_1_6' title="bbox 182 975 1142 1058">
     <span class='ocr_line' id='line_1_8' title="bbox 182 975 1142 1058; baseline -0.005 -22"><span class='ocrx_word' id='word_1_55' title='bbox 182 982 290 1055; x_wconf 85' lang='lat' dir='ltr'><strong>exponi</strong></span> <span class='ocrx_word' id='word_1_56' title='bbox 318 979 466 1035; x_wconf 68' lang='lat' dir='ltr'><strong>statuerit.</strong></span> <span class='ocrx_word' id='word_1_57' title='bbox 501 977 544 1034; x_wconf 84' lang='lat' dir='ltr'><strong>Cf.</strong></span> <span class='ocrx_word' id='word_1_58' title='bbox 573 987 672 1034; x_wconf 90' lang='lat' dir='ltr'><strong>annot.</strong></span> <span class='ocrx_word' id='word_1_59' title='bbox 698 977 738 1034; x_wconf 90' lang='lat' dir='ltr'><strong>ad</strong></span> <span class='ocrx_word' id='word_1_60' title='bbox 769 975 794 1058; x_wconf 79' lang='lat'><strong>§.</strong></span> <span class='ocrx_word' id='word_1_61' title='bbox 816 979 867 1034; x_wconf 89' lang='grc'><strong>67.</strong></span> <span class='ocrx_word' id='word_1_62' title='bbox 904 977 987 1054; x_wconf 78' lang='lat' dir='ltr'><strong>Virg.</strong></span> <span class='ocrx_word' id='word_1_63' title='bbox 1010 977 1083 1032; x_wconf 81' lang='lat' dir='ltr'><strong>Aen.</strong></span> <span class='ocrx_word' id='word_1_64' title='bbox 1106 975 1142 1045; x_wconf 85' lang='grc'><strong>11,</strong></span> 
     </span>
    </p>
   </div>
   <div class='ocr_carea' id='block_1_7' title="bbox 181 1053 1241 1140">
    <p class='ocr_par' dir='ltr' id='par_1_7' title="bbox 181 1053 1241 1140">
     <span class='ocr_line' id='line_1_9' title="bbox 181 1053 1241 1140; baseline -0.001 -19"><span class='ocrx_word' id='word_1_65' title='bbox 181 1067 305 1122; x_wconf 47' lang='grc'><strong>11248.</strong></span> <span class='ocrx_word' id='word_1_66' title='bbox 336 1060 398 1120; x_wconf 89' lang='lat' dir='ltr'><strong>Noa</strong></span> <span class='ocrx_word' id='word_1_67' title='bbox 420 1061 543 1120; x_wconf 79' lang='lat' dir='ltr'><strong>delabro</strong></span> <span class='ocrx_word' id='word_1_68' title='bbox 565 1053 650 1120; x_wconf 84' lang='lat' dir='ltr'><strong>deam</strong></span> <span class='ocrx_word' id='word_1_69' title='bbox 672 1065 784 1133; x_wconf 74' lang='lat' dir='ltr'><strong>reineri,</strong></span> <span class='ocrx_word' id='word_1_70' title='bbox 808 1061 910 1140; x_wconf 80' lang='lat' dir='ltr'><strong>quidue</strong></span> <span class='ocrx_word' id='word_1_71' title='bbox 932 1061 1040 1118; x_wconf 80' lang='lat' dir='ltr'><strong>altimo</strong></span> <span class='ocrx_word' id='word_1_72' title='bbox 1064 1065 1153 1118; x_wconf 64' lang='lat' dir='ltr'><strong>eaeet*</strong></span> <span class='ocrx_word' id='word_1_73' title='bbox 1240 1117 1241 1120; x_wconf 74' lang='grc'>,</span> 
     </span>
    </p>
   </div>
   <div class='ocr_carea' id='block_1_8' title="bbox 183 1143 1145 2166">
    <p class='ocr_par' dir='ltr' id='par_1_8' title="bbox 183 1143 1145 2166">
     <span class='ocr_line' id='line_1_10' title="bbox 183 1143 1141 1225; baseline -0.006 -17"><span class='ocrx_word' id='word_1_74' title='bbox 183 1147 241 1208; x_wconf 77' lang='lat' dir='ltr'><strong>itte</strong></span> <span class='ocrx_word' id='word_1_75' title='bbox 259 1150 337 1220; x_wconf 66' lang='lat' dir='ltr'><strong>valiea,</strong></span> <span class='ocrx_word' id='word_1_76' title='bbox 351 1151 442 1223; x_wconf 85' lang='lat' dir='ltr'><strong>seete</strong></span> <span class='ocrx_word' id='word_1_77' title='bbox 464 1147 727 1222; x_wconf 76' lang='lat' dir='ltr'><strong>aelemoa&#39;fronde‘</strong></span> <span class='ocrx_word' id='word_1_78' title='bbox 747 1169 803 1225; x_wconf 85' lang='lat' dir='ltr'><strong>per</strong></span> <span class='ocrx_word' id='word_1_79' title='bbox 824 1148 933 1204; x_wconf 82' lang='lat' dir='ltr'><strong>orbem.</strong></span> <span class='ocrx_word' id='word_1_80' title='bbox 971 1143 1070 1214; x_wconf 76' lang='lat' dir='ltr'><strong>Quint</strong></span> <span class='ocrx_word' id='word_1_81' title='bbox 1093 1146 1141 1202; x_wconf 85' lang='lat' dir='ltr'><strong>in·</strong></span> 
     </span>
     <span class='ocr_line' id='line_1_11' title="bbox 183 1230 1142 1336; baseline -0.005 -44"><span class='ocrx_word' id='word_1_82' title='bbox 183 1235 296 1292; x_wconf 80' lang='lat' dir='ltr'><strong>dioibua</strong></span> <span class='ocrx_word' id='word_1_83' title='bbox 323 1253 392 1290; x_wconf 92' lang='lat' dir='ltr'><strong>num</strong></span> <span class='ocrx_word' id='word_1_84' title='bbox 427 1233 499 1290; x_wconf 86' lang='lat' dir='ltr'><strong>iilud</strong></span> <span class='ocrx_word' id='word_1_85' title='bbox 533 1237 629 1336; x_wconf 84' lang='lat' dir='ltr'><strong>potuit</strong></span> <span class='ocrx_word' id='word_1_86' title='bbox 661 1236 803 1308; x_wconf 82' lang='lat' dir='ltr'><strong>imputare</strong></span> <span class='ocrx_word' id='word_1_87' title='bbox 833 1241 951 1304; x_wconf 86' lang='lat' dir='ltr'><strong>orator,</strong></span> <span class='ocrx_word' id='word_1_88' title='bbox 983 1234 1020 1288; x_wconf 88' lang='lat' dir='ltr'><strong>de</strong></span> <span class='ocrx_word' id='word_1_89' title='bbox 1048 1230 1142 1288; x_wconf 84' lang='lat' dir='ltr'><strong>Sexto</strong></span> 
     </span>
     <span class='ocr_line' id='line_1_12' title="bbox 183 1319 1143 1394; baseline -0.007 -15"><span class='ocrx_word' id='word_1_90' title='bbox 183 1319 327 1379; x_wconf 81' lang='lat' dir='ltr'><strong>Roaeio</strong></span> <span class='ocrx_word' id='word_1_91' title='bbox 318 1337 376 1376; x_wconf 79' lang='lat' dir='ltr'><strong>ram</strong></span> <span class='ocrx_word' id='word_1_92' title='bbox 398 1329 511 1390; x_wconf 82' lang='lat' dir='ltr'><strong>artam,</strong></span> <span class='ocrx_word' id='word_1_93' title='bbox 543 1323 657 1394; x_wconf 85' lang='lat' dir='ltr'><strong>iamque</strong></span> <span class='ocrx_word' id='word_1_94' title='bbox 678 1321 773 1376; x_wconf 82' lang='lat' dir='ltr'><strong>videri</strong></span> <span class='ocrx_word' id='word_1_95' title='bbox 794 1325 859 1374; x_wconf 83' lang='lat' dir='ltr'><strong>eiam</strong></span> <span class='ocrx_word' id='word_1_96' title='bbox 882 1337 944 1374; x_wconf 85' lang='lat' dir='ltr'><strong>esee</strong></span> <span class='ocrx_word' id='word_1_97' title='bbox 966 1319 1143 1374; x_wconf 84' lang='lat' dir='ltr'><strong>condemna</strong></span> 
     </span>
     <span class='ocr_line' id='line_1_13' title="bbox 184 1399 1143 1479; baseline -0.005 -17"><span class='ocrx_word' id='word_1_98' title='bbox 184 1399 281 1462; x_wconf 72' lang='lat' dir='ltr'><strong>tami</strong></span> <span class='ocrx_word' id='word_1_99' title='bbox 309 1406 454 1472; x_wconf 76' lang='lat' dir='ltr'><strong>Quocirca</strong></span> <span class='ocrx_word' id='word_1_100' title='bbox 480 1406 598 1462; x_wconf 84' lang='lat' dir='ltr'><strong>nonniri</strong></span> <span class='ocrx_word' id='word_1_101' title='bbox 627 1405 744 1460; x_wconf 82' lang='lat' dir='ltr'><strong>ardena</strong></span> <span class='ocrx_word' id='word_1_102' title='bbox 761 1404 806 1460; x_wconf 85' lang='lat' dir='ltr'><strong>his</strong></span> <span class='ocrx_word' id='word_1_103' title='bbox 836 1403 986 1479; x_wconf 79' lang='lat' dir='ltr'><strong>Capitonis</strong></span> <span class='ocrx_word' id='word_1_104' title='bbox 1014 1404 1143 1459; x_wconf 81' lang='lat' dir='ltr'><strong>studium</strong></span> 
     </span>
     <span class='ocr_line' id='line_1_14' title="bbox 185 1479 1143 1566; baseline -0.005 -18"><span class='ocrx_word' id='word_1_105' title='bbox 185 1489 312 1548; x_wconf 75' lang='lat' dir='ltr'><strong>describi</strong></span> <span class='ocrx_word' id='word_1_106' title='bbox 335 1499 447 1563; x_wconf 81' lang='lat' dir='ltr'><strong>pateat,</strong></span> <span class='ocrx_word' id='word_1_107' title='bbox 475 1509 531 1564; x_wconf 87' lang='lat' dir='ltr'><strong>qao</strong></span> <span class='ocrx_word' id='word_1_108' title='bbox 560 1491 687 1566; x_wconf 83' lang='lat' dir='ltr'><strong>peroit&#39;da</strong></span> <span class='ocrx_word' id='word_1_109' title='bbox 716 1479 798 1547; x_wconf 83' lang='lat' dir='ltr'><strong>caedi</strong></span> <span class='ocrx_word' id='word_1_110' title='bbox 827 1505 900 1546; x_wconf 80' lang='lat' dir='ltr'><strong>auae·</strong></span> <span class='ocrx_word' id='word_1_111' title='bbox 925 1483 1143 1545; x_wconf 69' lang='lat' dir='ltr'><strong>crudelissimae</strong></span> 
     </span>
     <span class='ocr_line' id='line_1_15' title="bbox 186 1573 1143 1652; baseline -0.004 -20"><span class='ocrx_word' id='word_1_112' title='bbox 186 1577 268 1652; x_wconf 78' lang='lat' dir='ltr'><strong>qnasi</strong></span> <span class='ocrx_word' id='word_1_113' title='bbox 291 1593 428 1631; x_wconf 86' lang='lat' dir='ltr'><strong>eoronam</strong></span> <span class='ocrx_word' id='word_1_114' title='bbox 449 1578 497 1631; x_wconf 85' lang='lat' dir='ltr'><strong>vel</strong></span> <span class='ocrx_word' id='word_1_115' title='bbox 519 1577 674 1632; x_wconf 82' lang='lat' dir='ltr'><strong>iemniaeos</strong></span> <span class='ocrx_word' id='word_1_116' title='bbox 693 1575 761 1633; x_wconf 86' lang='lat' dir='ltr'><strong>&#39;dari</strong></span> <span class='ocrx_word' id='word_1_117' title='bbox 783 1575 818 1633; x_wconf 77' lang='lat' dir='ltr'><strong>ab</strong></span> <span class='ocrx_word' id='word_1_118' title='bbox 835 1573 1011 1631; x_wconf 75' lang='lat' dir='ltr'><strong>iudicibus</strong></span> <span class='ocrx_word' id='word_1_119' title='bbox 1002 1577 1074 1648; x_wconf 81' lang='lat' dir='ltr'><strong>apris</strong></span> <span class='ocrx_word' id='word_1_120' title='bbox 1091 1593 1143 1628; x_wconf 84' lang='lat' dir='ltr'><strong>vo-</strong></span> 
     </span>
     <span class='ocr_line' id='line_1_16' title="bbox 186 1657 1145 1739; baseline -0.008 -18"><span class='ocrx_word' id='word_1_121' title='bbox 186 1665 282 1722; x_wconf 78' lang='lat' dir='ltr'><strong>laerta.</strong></span> <span class='ocrx_word' id='word_1_122' title='bbox 313 1661 390 1728; x_wconf 77' lang='lat' dir='ltr'><strong>Quia</strong></span> <span class='ocrx_word' id='word_1_123' title='bbox 413 1657 524 1716; x_wconf 62' lang='lat' dir='ltr'><strong>multat</strong></span> <span class='ocrx_word' id='word_1_124' title='bbox 549 1661 627 1739; x_wconf 83' lang='lat' dir='ltr'><strong>Lege</strong></span> <span class='ocrx_word' id='word_1_125' title='bbox 649 1661 817 1718; x_wconf 86' lang='lat' dir='ltr'><strong>nobiseum:</strong></span> <span class='ocrx_word' id='word_1_126' title='bbox 839 1661 950 1716; x_wconf 81' lang='lat' dir='ltr'><strong>mattea</strong></span> <span class='ocrx_word' id='word_1_127' title='bbox 972 1679 1037 1717; x_wconf 83' lang='lat' dir='ltr'><strong>eeee</strong></span> <span class='ocrx_word' id='word_1_128' title='bbox 1058 1660 1145 1732; x_wconf 81' lang='lat' dir='ltr'><strong>insn-</strong></span> 
     </span>
     <span class='ocr_line' id='line_1_17' title="bbox 186 1745 1144 1824; baseline -0.007 -18"><span class='ocrx_word' id='word_1_129' title='bbox 186 1762 248 1806; x_wconf 78' lang='lat' dir='ltr'><strong>met</strong></span> <span class='ocrx_word' id='word_1_130' title='bbox 270 1749 334 1804; x_wconf 78' lang='lat' dir='ltr'><strong>eiua</strong></span> <span class='ocrx_word' id='word_1_131' title='bbox 354 1745 484 1822; x_wconf 81' lang='lat' dir='ltr'><strong>palmae,</strong></span> <span class='ocrx_word' id='word_1_132' title='bbox 506 1747 584 1803; x_wconf 84' lang='lat' dir='ltr'><strong>bono</strong></span> <span class='ocrx_word' id='word_1_133' title='bbox 603 1749 733 1824; x_wconf 82' lang='lat' dir='ltr'><strong>primam</strong></span> <span class='ocrx_word' id='word_1_134' title='bbox 748 1767 811 1805; x_wconf 79' lang='lat' dir='ltr'><strong>eoae</strong></span> <span class='ocrx_word' id='word_1_135' title='bbox 831 1755 941 1818; x_wconf 83' lang='lat' dir='ltr'><strong>temen,</strong></span> <span class='ocrx_word' id='word_1_136' title='bbox 964 1746 1144 1802; x_wconf 77' lang='lat' dir='ltr'><strong>lernniaoota</strong></span> 
     </span>
     <span class='ocr_line' id='line_1_18' title="bbox 187 1829 1144 1912; baseline -0.006 -22"><span class='ocrx_word' id='word_1_137' title='bbox 187 1851 264 1912; x_wconf 81' lang='lat' dir='ltr'><strong>quoe</strong></span> <span class='ocrx_word' id='word_1_138' title='bbox 284 1831 396 1888; x_wconf 85' lang='lat' dir='ltr'><strong>Romae</strong></span> <span class='ocrx_word' id='word_1_139' title='bbox 418 1832 588 1905; x_wconf 85' lang='lat' dir='ltr'><strong>deferetur,</strong></span> <span class='ocrx_word' id='word_1_140' title='bbox 610 1835 628 1889; x_wconf 87' lang='lat' dir='ltr'><strong>i.</strong></span> <span class='ocrx_word' id='word_1_141' title='bbox 643 1853 666 1888; x_wconf 91' lang='lat' dir='ltr'><strong>e.</strong></span> <span class='ocrx_word' id='word_1_142' title='bbox 681 1830 756 1889; x_wconf 88' lang='lat' dir='ltr'><strong>hane</strong></span> <span class='ocrx_word' id='word_1_143' title='bbox 778 1833 911 1907; x_wconf 81' lang='lat' dir='ltr'><strong>primam,</strong></span> <span class='ocrx_word' id='word_1_144' title='bbox 933 1829 960 1886; x_wconf 92' lang='grc' dir='ltr'><strong>1ι.</strong></span> <span class='ocrx_word' id='word_1_145' title='bbox 974 1851 999 1888; x_wconf 87' lang='lat' dir='ltr'><strong>e.</strong></span> <span class='ocrx_word' id='word_1_146' title='bbox 1014 1833 1144 1888; x_wconf 89' lang='lat' dir='ltr'><strong>omninm</strong></span> 
     </span>
     <span class='ocr_line' id='line_1_19' title="bbox 186 1917 1145 1994; baseline -0.004 -18"><span class='ocrx_word' id='word_1_147' title='bbox 186 1920 312 1976; x_wconf 82' lang='lat' dir='ltr'><strong>maxime</strong></span> <span class='ocrx_word' id='word_1_148' title='bbox 331 1917 466 1973; x_wconf 83' lang='lat' dir='ltr'><strong>infamem</strong></span> <span class='ocrx_word' id='word_1_149' title='bbox 485 1931 582 1974; x_wconf 84' lang='lat' dir='ltr'><strong>tamen</strong></span> <span class='ocrx_word' id='word_1_150' title='bbox 601 1935 679 1988; x_wconf 81' lang='lat' dir='ltr'><strong>este,</strong></span> <span class='ocrx_word' id='word_1_151' title='bbox 702 1919 806 1994; x_wconf 89' lang='lat' dir='ltr'><strong>quippe</strong></span> <span class='ocrx_word' id='word_1_152' title='bbox 824 1935 907 1992; x_wconf 89' lang='lat' dir='ltr'><strong>qaam</strong></span> <span class='ocrx_word' id='word_1_153' title='bbox 927 1919 1077 1972; x_wconf 83' lang='lat' dir='ltr'><strong>lemniscis</strong></span> <span class='ocrx_word' id='word_1_154' title='bbox 1097 1935 1145 1972; x_wconf 87' lang='lat' dir='ltr'><strong>or-</strong></span> 
     </span>
     <span class='ocr_line' id='line_1_20' title="bbox 185 2001 1144 2078; baseline -0.005 -16"><span class='ocrx_word' id='word_1_155' title='bbox 185 2016 286 2062; x_wconf 85' lang='lat' dir='ltr'><strong>natam</strong></span> <span class='ocrx_word' id='word_1_156' title='bbox 308 2001 417 2060; x_wconf 86' lang='lat' dir='ltr'><strong>Romae</strong></span> <span class='ocrx_word' id='word_1_157' title='bbox 438 2002 494 2060; x_wconf 80' lang='lat' dir='ltr'><strong>eibi</strong></span> <span class='ocrx_word' id='word_1_158' title='bbox 507 2004 616 2060; x_wconf 77' lang='lat' dir='ltr'><strong>deferri</strong></span> <span class='ocrx_word' id='word_1_159' title='bbox 629 2005 764 2060; x_wconf 78' lang='lat' dir='ltr'><strong>voluerit.</strong></span> <span class='ocrx_word' id='word_1_160' title='bbox 794 2003 859 2065; x_wconf 80' lang='lat' dir='ltr'><strong>Vim</strong></span> <span class='ocrx_word' id='word_1_161' title='bbox 871 2005 992 2058; x_wconf 80' lang='lat' dir='ltr'><strong>voculae</strong></span> <span class='ocrx_word' id='word_1_162' title='bbox 1013 2005 1144 2078; x_wconf 81' lang='lat' dir='ltr'><strong>primam</strong></span> 
     </span>
     <span class='ocr_line' id='line_1_21' title="bbox 187 2087 1144 2166; baseline -0.005 -20"><span class='ocrx_word' id='word_1_163' title='bbox 187 2099 227 2146; x_wconf 64' lang='lat' dir='ltr'><strong>dx</strong></span> <span class='ocrx_word' id='word_1_164' title='bbox 247 2089 293 2144; x_wconf 81' lang='lat' dir='ltr'><strong>his</strong></span> <span class='ocrx_word' id='word_1_165' title='bbox 316 2091 423 2160; x_wconf 86' lang='lat' dir='ltr'><strong>optime</strong></span> <span class='ocrx_word' id='word_1_166' title='bbox 451 2103 590 2164; x_wconf 88' lang='lat' dir='ltr'><strong>apparere</strong></span> <span class='ocrx_word' id='word_1_167' title='bbox 622 2089 760 2164; x_wconf 71' lang='lat' dir='ltr'><strong>exemplis</strong></span> <span class='ocrx_word' id='word_1_168' title='bbox 787 2091 819 2147; x_wconf 88' lang='lat' dir='ltr'><strong>in</strong></span> <span class='ocrx_word' id='word_1_169' title='bbox 842 2090 997 2166; x_wconf 81' lang='lat' dir='ltr'><strong>propatulo</strong></span> <span class='ocrx_word' id='word_1_170' title='bbox 1018 2096 1073 2148; x_wconf 84' lang='lat' dir='ltr'><strong>eat.</strong></span> <span class='ocrx_word' id='word_1_171' title='bbox 1109 2087 1144 2142; x_wconf 84' lang='lat' dir='ltr'><strong>ci.</strong></span> 
     </span>
    </p>
   </div>
   <div class='ocr_carea' id='block_1_9' title="bbox 188 2171 1241 2256">
    <p class='ocr_par' dir='ltr' id='par_1_9' title="bbox 188 2171 1241 2256">
     <span class='ocr_line' id='line_1_22' title="bbox 188 2171 1241 2256; baseline 0 -24"><span class='ocrx_word' id='word_1_172' title='bbox 188 2175 248 2234; x_wconf 84' lang='lat' dir='ltr'><strong>Cio.</strong></span> <span class='ocrx_word' id='word_1_173' title='bbox 271 2175 303 2230; x_wconf 92' lang='lat' dir='ltr'><strong>in</strong></span> <span class='ocrx_word' id='word_1_174' title='bbox 316 2173 400 2235; x_wconf 81' lang='lat' dir='ltr'><strong>Vera.</strong></span> <span class='ocrx_word' id='word_1_175' title='bbox 423 2173 471 2244; x_wconf 82' lang='lat' dir='ltr'><strong>lv,</strong></span> <span class='ocrx_word' id='word_1_176' title='bbox 494 2193 518 2230; x_wconf 89' lang='lat' dir='ltr'><strong>o.</strong></span> <span class='ocrx_word' id='word_1_177' title='bbox 540 2177 586 2231; x_wconf 86' lang='grc'><strong>17.</strong></span> <span class='ocrx_word' id='word_1_178' title='bbox 609 2173 633 2256; x_wconf 63' lang='grc' dir='ltr'><strong>ξ.</strong></span> <span class='ocrx_word' id='word_1_179' title='bbox 651 2176 700 2230; x_wconf 81' lang='grc'><strong>37.</strong></span> <span class='ocrx_word' id='word_1_180' title='bbox 728 2173 756 2230; x_wconf 89' lang='grc' dir='ltr'><em>Α</em></span> <span class='ocrx_word' id='word_1_181' title='bbox 778 2174 892 2251; x_wconf 73' lang='lat' dir='ltr'><strong>Lysone</strong></span> <span class='ocrx_word' id='word_1_182' title='bbox 913 2191 983 2230; x_wconf 83' lang='lat' dir='ltr'><strong>vero</strong></span> <span class='ocrx_word' id='word_1_183' title='bbox 1006 2171 1146 2250; x_wconf 78' lang='lat' dir='ltr'><strong>Lilyboe-</strong></span> <span class='ocrx_word' id='word_1_184' title='bbox 1235 2213 1241 2232; x_wconf 82' lang='grc'><strong>.</strong></span> 
     </span>
    </p>
   </div>
   <div class='ocr_carea' id='block_1_10' title="bbox 188 2258 1147 2506">
    <p class='ocr_par' dir='ltr' id='par_1_10' title="bbox 188 2258 1147 2506">
     <span class='ocr_line' id='line_1_23' title="bbox 188 2258 1146 2336; baseline -0.004 -18"><span class='ocrx_word' id='word_1_185' title='bbox 188 2267 278 2328; x_wconf 79' lang='lat' dir='ltr'><strong>toan,</strong></span> <span class='ocrx_word' id='word_1_186' title='bbox 304 2261 406 2335; x_wconf 82' lang='lat' dir='ltr'><strong>primo</strong></span> <span class='ocrx_word' id='word_1_187' title='bbox 431 2258 561 2328; x_wconf 80' lang='lat' dir='ltr'><strong>bomine,</strong></span> <span class='ocrx_word' id='word_1_188' title='bbox 592 2259 741 2336; x_wconf 67' lang='lat' dir='ltr'><strong>Apollinea</strong></span> <span class='ocrx_word' id='word_1_189' title='bbox 763 2263 879 2336; x_wconf 74' lang='lat' dir='ltr'><strong>rignum</strong></span> <span class='ocrx_word' id='word_1_190' title='bbox 902 2267 983 2316; x_wconf 81' lang='lat' dir='ltr'><strong>certe</strong></span> <span class='ocrx_word' id='word_1_191' title='bbox 1010 2277 1069 2315; x_wconf 85' lang='lat' dir='ltr'><strong>non</strong></span> <span class='ocrx_word' id='word_1_192' title='bbox 1094 2259 1146 2314; x_wconf 83' lang='lat' dir='ltr'><strong>od·</strong></span> 
     </span>
     <span class='ocr_line' id='line_1_24' title="bbox 189 2343 1147 2421; baseline -0.001 -20"><span class='ocrx_word' id='word_1_193' title='bbox 189 2345 283 2401; x_wconf 82' lang='lat' dir='ltr'><strong>lotam</strong></span> <span class='ocrx_word' id='word_1_194' title='bbox 311 2345 450 2418; x_wconf 80' lang='lat' dir='ltr'><strong>oportuit.</strong></span> <span class='ocrx_word' id='word_1_195' title='bbox 475 2379 514 2391; x_wconf 81' lang='lat'><em>-</em></span> <span class='ocrx_word' id='word_1_196' title='bbox 541 2345 660 2401; x_wconf 84' lang='lat' dir='ltr'><strong>Terent.</strong></span> <span class='ocrx_word' id='word_1_197' title='bbox 683 2345 803 2420; x_wconf 77' lang='lat' dir='ltr'><strong>Adelph.</strong></span> <span class='ocrx_word' id='word_1_198' title='bbox 827 2346 867 2416; x_wconf 78' lang='lat' dir='ltr'><strong>V,</strong></span> <span class='ocrx_word' id='word_1_199' title='bbox 889 2347 925 2416; x_wconf 80' lang='lat'><strong>4,</strong></span> <span class='ocrx_word' id='word_1_200' title='bbox 948 2348 977 2400; x_wconf 86' lang='grc'><strong>4.</strong></span> <span class='ocrx_word' id='word_1_201' title='bbox 1008 2343 1049 2400; x_wconf 80' lang='lat' dir='ltr'><strong>Et</strong></span> <span class='ocrx_word' id='word_1_202' title='bbox 1072 2355 1147 2421; x_wconf 74' lang='lat' dir='ltr'><strong>&#39;quere</strong></span> 
     </span>
     <span class='ocr_line' id='line_1_25' title="bbox 189 2429 1146 2506; baseline -0.002 -20"><span class='ocrx_word' id='word_1_203' title='bbox 189 2429 251 2486; x_wconf 81' lang='grc'><strong>1111</strong></span> <span class='ocrx_word' id='word_1_204' title='bbox 270 2430 392 2506; x_wconf 77' lang='lat' dir='ltr'><strong>potoria</strong></span> <span class='ocrx_word' id='word_1_205' title='bbox 420 2431 537 2505; x_wconf 82' lang='lat' dir='ltr'><strong>primo,</strong></span> <span class='ocrx_word' id='word_1_206' title='bbox 565 2433 596 2486; x_wconf 83' lang='lat' dir='ltr'><strong>ir&#39;e</strong></span> <span class='ocrx_word' id='word_1_207' title='bbox 619 2429 802 2506; x_wconf 74' lang='lat' dir='ltr'><strong>experiendo</strong></span> <span class='ocrx_word' id='word_1_208' title='bbox 828 2439 862 2486; x_wconf 79' lang='lat' dir='ltr'><strong>ot</strong></span> <span class='ocrx_word' id='word_1_209' title='bbox 890 2430 1038 2506; x_wconf 73' lang='lat' dir='ltr'><strong>repudies.</strong></span> <span class='ocrx_word' id='word_1_210' title='bbox 1082 2429 1146 2485; x_wconf 86' lang='lat' dir='ltr'><strong>Vid.</strong></span> 
     </span>
    </p>
   </div>
   <div class='ocr_carea' id='block_1_11' title="bbox 188 2511 1241 2593">
    <p class='ocr_par' dir='ltr' id='par_1_11' title="bbox 188 2511 1241 2593">
     <span class='ocr_line' id='line_1_26' title="bbox 188 2511 1241 2593; baseline -0.003 -20"><span class='ocrx_word' id='word_1_211' title='bbox 188 2512 357 2573; x_wconf 83' lang='lat' dir='ltr'><strong>Donat.·ad</strong></span> <span class='ocrx_word' id='word_1_212' title='bbox 377 2511 405 2568; x_wconf 92' lang='lat' dir='ltr'><strong>h.</strong></span> <span class='ocrx_word' id='word_1_213' title='bbox 428 2515 445 2570; x_wconf 92' lang='grc' dir='ltr'><strong>Ι.</strong></span> <span class='ocrx_word' id='word_1_214' title='bbox 474 2511 597 2586; x_wconf 76' lang='lat' dir='ltr'><strong>Prima,</strong></span> <span class='ocrx_word' id='word_1_215' title='bbox 627 2523 698 2572; x_wconf 86' lang='lat' dir='ltr'><strong>onte</strong></span> <span class='ocrx_word' id='word_1_216' title='bbox 727 2517 792 2574; x_wconf 81' lang='lat' dir='ltr'><strong>olio</strong></span> <span class='ocrx_word' id='word_1_217' title='bbox 821 2515 979 2592; x_wconf 71' lang='lat' dir='ltr'><strong>eligendo,</strong></span> <span class='ocrx_word' id='word_1_218' title='bbox 1009 2533 1085 2593; x_wconf 83' lang='lat' dir='ltr'><strong>paee</strong></span> <span class='ocrx_word' id='word_1_219' title='bbox 1117 2523 1147 2572; x_wconf 91' lang='lat' dir='ltr'><strong>et</strong></span> <span class='ocrx_word' id='word_1_220' title='bbox 1240 2535 1241 2542; x_wconf 52' lang='lat'>¹</span> 
     </span>
    </p>
   </div>
   <div class='ocr_carea' id='block_1_12' title="bbox 175 2598 1152 3792">
    <p class='ocr_par' dir='ltr' id='par_1_12' title="bbox 175 2598 1149 3104">
     <span class='ocr_line' id='line_1_27' title="bbox 188 2598 1147 2680; baseline 0.001 -24"><span class='ocrx_word' id='word_1_221' title='bbox 188 2601 285 2680; x_wconf 73' lang='lat' dir='ltr'><strong>primo</strong></span> <span class='ocrx_word' id='word_1_222' title='bbox 313 2598 374 2655; x_wconf 83' lang='lat' dir='ltr'><strong>loeo</strong></span> <span class='ocrx_word' id='word_1_223' title='bbox 399 2601 537 2676; x_wconf 81' lang='lat' dir='ltr'><strong>ponendo</strong></span> <span class='ocrx_word' id='word_1_224' title='bbox 560 2621 597 2657; x_wconf 87' lang='lat' dir='ltr'><strong>oo</strong></span> <span class='ocrx_word' id='word_1_225' title='bbox 616 2620 672 2678; x_wconf 86' lang='lat' dir='ltr'><strong>per</strong></span> <span class='ocrx_word' id='word_1_226' title='bbox 693 2600 747 2659; x_wconf 84' lang='lat' dir='ltr'><strong>boe</strong></span> <span class='ocrx_word' id='word_1_227' title='bbox 768 2605 890 2679; x_wconf 78' lang='lat' dir='ltr'><strong>optimo.</strong></span> <span class='ocrx_word' id='word_1_228' title='bbox 913 2635 952 2644; x_wconf 85' lang='lat'>—</span> <span class='ocrx_word' id='word_1_229' title='bbox 980 2599 1090 2660; x_wconf 88' lang='lat' dir='ltr'><strong>Heaut.</strong></span> <span class='ocrx_word' id='word_1_230' title='bbox 1111 2599 1147 2671; x_wconf 86' lang='lat' dir='ltr'><strong>V,</strong></span> 
     </span>
     <span class='ocr_line' id='line_1_28' title="bbox 189 2677 1149 2762; baseline -0.001 -19"><span class='ocrx_word' id='word_1_231' title='bbox 189 2691 226 2758; x_wconf 64' lang='grc' dir='ltr'><strong>*ιζ</strong></span> <span class='ocrx_word' id='word_1_232' title='bbox 251 2692 280 2748; x_wconf 84' lang='grc'><strong>9.</strong></span> <span class='ocrx_word' id='word_1_233' title='bbox 304 2689 343 2730; x_wconf 63' lang='lat'><strong>2-</strong></span> <span class='ocrx_word' id='word_1_234' title='bbox 374 2685 434 2742; x_wconf 88' lang='lat' dir='ltr'><strong>lam</strong></span> <span class='ocrx_word' id='word_1_235' title='bbox 456 2702 527 2743; x_wconf 83' lang='lat' dir='ltr'><strong>vero</strong></span> <span class='ocrx_word' id='word_1_236' title='bbox 555 2688 581 2742; x_wconf 83' lang='grc' dir='ltr'>ιί</span> <span class='ocrx_word' id='word_1_237' title='bbox 604 2677 774 2762; x_wconf 81' lang='lat' dir='ltr'><strong>Capitonem</strong></span> <span class='ocrx_word' id='word_1_238' title='bbox 800 2685 859 2744; x_wconf 88' lang='lat' dir='ltr'><strong>non</strong></span> <span class='ocrx_word' id='word_1_239' title='bbox 887 2688 919 2744; x_wconf 91' lang='lat' dir='ltr'><strong>in</strong></span> <span class='ocrx_word' id='word_1_240' title='bbox 940 2687 1067 2757; x_wconf 77' lang='lat' dir='ltr'><strong>iuditio,</strong></span> <span class='ocrx_word' id='word_1_241' title='bbox 1097 2685 1149 2742; x_wconf 81' lang='lat' dir='ltr'><strong>red</strong></span> 
     </span>
     <span class='ocr_line' id='line_1_29' title="bbox 188 2769 1147 2843; baseline -0.003 -13"><span class='ocrx_word' id='word_1_242' title='bbox 188 2773 323 2834; x_wconf 78' lang='lat' dir='ltr'><strong>Ameriae</strong></span> <span class='ocrx_word' id='word_1_243' title='bbox 351 2773 465 2828; x_wconf 81' lang='lat' dir='ltr'><strong>vernari</strong></span> <span class='ocrx_word' id='word_1_244' title='bbox 493 2771 705 2843; x_wconf 72' lang='lat' dir='ltr'><strong>consideratis,</strong></span> <span class='ocrx_word' id='word_1_245' title='bbox 739 2790 809 2830; x_wconf 76' lang='lat' dir='ltr'><strong>eane</strong></span> <span class='ocrx_word' id='word_1_246' title='bbox 835 2775 967 2830; x_wconf 76' lang='lat' dir='ltr'><strong>virorum</strong></span> <span class='ocrx_word' id='word_1_247' title='bbox 994 2769 1147 2833; x_wconf 78' lang='lat' dir='ltr'><strong>doctorum</strong></span> 
     </span>
     <span class='ocr_line' id='line_1_30' title="bbox 190 2855 1148 2934; baseline -0.003 -20"><span class='ocrx_word' id='word_1_248' title='bbox 190 2855 389 2916; x_wconf 75' lang='lat' dir='ltr'><strong>coniecturam</strong></span> <span class='ocrx_word' id='word_1_249' title='bbox 402 2855 497 2914; x_wconf 84' lang='lat' dir='ltr'><strong>Roma</strong></span> <span class='ocrx_word' id='word_1_250' title='bbox 520 2861 549 2916; x_wconf 83' lang='lat' dir='ltr'><strong>ei</strong></span> <span class='ocrx_word' id='word_1_251' title='bbox 570 2859 732 2932; x_wconf 83' lang='lat' dir='ltr'><strong>deseratur</strong></span> <span class='ocrx_word' id='word_1_252' title='bbox 751 2859 845 2934; x_wconf 79' lang='lat' dir='ltr'><strong>possis</strong></span> <span class='ocrx_word' id='word_1_253' title='bbox 867 2855 989 2931; x_wconf 84' lang='lat' dir='ltr'><strong>probare</strong></span> <span class='ocrx_word' id='word_1_254' title='bbox 1011 2867 1148 2932; x_wconf 85' lang='lat' dir='ltr'><strong>utquam</strong></span> 
     </span>
     <span class='ocr_line' id='line_1_31' title="bbox 188 2940 1148 3044; baseline -0.002 -44"><span class='ocrx_word' id='word_1_255' title='bbox 188 2945 324 3002; x_wconf 79' lang='lat' dir='ltr'><strong>maxime.</strong></span> <span class='ocrx_word' id='word_1_256' title='bbox 365 2940 593 3000; x_wconf 84' lang='lat' dir='ltr'><strong>Verumtamen</strong></span> <span class='ocrx_word' id='word_1_257' title='bbox 616 2961 702 3044; x_wconf 43' lang='lat' dir='ltr'><strong>q&#39;uum</strong></span> <span class='ocrx_word' id='word_1_258' title='bbox 723 2961 817 3019; x_wconf 89' lang='lat' dir='ltr'><strong>neque</strong></span> <span class='ocrx_word' id='word_1_259' title='bbox 846 2943 914 2999; x_wconf 88' lang='lat' dir='ltr'><strong>libri</strong></span> <span class='ocrx_word' id='word_1_260' title='bbox 935 2942 1076 2998; x_wconf 82' lang='lat' dir='ltr'><strong>addicant</strong></span> <span class='ocrx_word' id='word_1_261' title='bbox 1095 2961 1148 2999; x_wconf 87' lang='lat' dir='ltr'><strong>ne·</strong></span> 
     </span>
     <span class='ocr_line' id='line_1_32' title="bbox 175 3025 1121 3124; baseline 0 -41"><span class='ocrx_word' id='word_1_262' title='bbox 175 3045 246 3124; x_wconf 62' lang='grc' dir='ltr'><strong>ιιι</strong></span> <span class='ocrx_word' id='word_1_263' title='bbox 269 3047 303 3084; x_wconf 89' lang='lat' dir='ltr'><strong>ea</strong></span> <span class='ocrx_word' id='word_1_264' title='bbox 325 3029 364 3082; x_wconf 83' lang='lat' dir='ltr'><strong>ait</strong></span> <span class='ocrx_word' id='word_1_265' title='bbox 383 3030 470 3103; x_wconf 85' lang='lat' dir='ltr'><strong>piane</strong></span> <span class='ocrx_word' id='word_1_266' title='bbox 491 3032 668 3098; x_wconf 80' lang='lat' dir='ltr'><strong>necessaria,</strong></span> <span class='ocrx_word' id='word_1_267' title='bbox 689 3032 823 3086; x_wconf 78' lang='lat' dir='ltr'><strong>nolumus</strong></span> <span class='ocrx_word' id='word_1_268' title='bbox 845 3025 908 3084; x_wconf 81' lang='lat' dir='ltr'><strong>eam</strong></span> <span class='ocrx_word' id='word_1_269' title='bbox 931 3027 1055 3084; x_wconf 81' lang='lat' dir='ltr'><strong>admitti.</strong></span> <span class='ocrx_word' id='word_1_270' title='bbox 1080 3047 1121 3072; x_wconf 91' lang='lat'><strong>-·-</strong></span> 
     </span>
    </p>

    <p class='ocr_par' dir='ltr' id='par_1_13' title="bbox 177 3109 1152 3792">
     <span class='ocr_line' id='line_1_33' title="bbox 177 3109 1149 3202; baseline 0.001 -34"><span class='ocrx_word' id='word_1_271' title='bbox 177 3111 180 3118; x_wconf 77' lang='grc'><em>“</em></span> <span class='ocrx_word' id='word_1_272' title='bbox 276 3111 303 3194; x_wconf 75' lang='lat'><strong>§</strong></span> <span class='ocrx_word' id='word_1_273' title='bbox 330 3115 398 3168; x_wconf 83' lang='grc'><strong>1110.</strong></span> <span class='ocrx_word' id='word_1_274' title='bbox 441 3116 582 3171; x_wconf 81' lang='lat' dir='ltr'><strong>minorem</strong></span> <span class='ocrx_word' id='word_1_275' title='bbox 604 3117 693 3172; x_wconf 81' lang='lat' dir='ltr'><strong>onnia</strong></span> <span class='ocrx_word' id='word_1_276' title='bbox 715 3113 776 3172; x_wconf 83' lang='lat' dir='ltr'><strong>LX</strong></span> <span class='ocrx_word' id='word_1_277' title='bbox 794 3115 833 3172; x_wconf 77' lang='lat' dir='ltr'><strong>‘de</strong></span> <span class='ocrx_word' id='word_1_278' title='bbox 847 3122 941 3202; x_wconf 82' lang='lat' dir='ltr'><strong>ponte</strong></span> <span class='ocrx_word' id='word_1_279' title='bbox 962 3115 993 3170; x_wconf 88' lang='grc' dir='ltr'><strong>1ιι</strong></span> <span class='ocrx_word' id='word_1_280' title='bbox 1017 3109 1149 3172; x_wconf 80' lang='lat' dir='ltr'><strong>Tiberim</strong></span> 
     </span>
     <span class='ocr_line' id='line_1_34' title="bbox 191 3194 1150 3278; baseline 0.004 -28"><span class='ocrx_word' id='word_1_281' title='bbox 191 3195 344 3274; x_wconf 77' lang='lat' dir='ltr'><strong>deie&#39;oerit]</strong></span> <span class='ocrx_word' id='word_1_282' title='bbox 368 3197 417 3254; x_wconf 83' lang='lat' dir='ltr'><strong>Ci.</strong></span> <span class='ocrx_word' id='word_1_283' title='bbox 424 3196 501 3255; x_wconf 74' lang='lat' dir='ltr'><strong>Fert.</strong></span> <span class='ocrx_word' id='word_1_284' title='bbox 523 3220 544 3257; x_wconf 85' lang='lat' dir='ltr'><strong>a.</strong></span> <span class='ocrx_word' id='word_1_285' title='bbox 567 3219 595 3257; x_wconf 83' lang='lat' dir='ltr'><strong>v</strong></span> <span class='ocrx_word' id='word_1_286' title='bbox 618 3199 828 3278; x_wconf 73' lang='lat' dir='ltr'><strong>sexagenarii·</strong></span> <span class='ocrx_word' id='word_1_287' title='bbox 851 3194 940 3268; x_wconf 64' lang='lat' dir='ltr'><strong>Sabat,</strong></span> <span class='ocrx_word' id='word_1_288' title='bbox 962 3199 1014 3276; x_wconf 77' lang='lat' dir='ltr'><strong>pati</strong></span> <span class='ocrx_word' id='word_1_289' title='bbox 1034 3197 1150 3270; x_wconf 79' lang='lat' dir='ltr'><strong>dicant,</strong></span> 
     </span>
     <span class='ocr_line' id='line_1_35' title="bbox 185 3283 1151 3386; baseline 0.004 -50"><span class='ocrx_word' id='word_1_290' title='bbox 185 3291 258 3374; x_wconf 80' lang='lat' dir='ltr'><strong>poet</strong></span> <span class='ocrx_word' id='word_1_291' title='bbox 284 3283 385 3338; x_wconf 82' lang='lat' dir='ltr'><strong>urbem</strong></span> <span class='ocrx_word' id='word_1_292' title='bbox 414 3302 434 3340; x_wconf 89' lang='grc' dir='ltr'><strong>ιι</strong></span> <span class='ocrx_word' id='word_1_293' title='bbox 467 3283 567 3342; x_wconf 69' lang='lat' dir='ltr'><strong>Getta</strong></span> <span class='ocrx_word' id='word_1_294' title='bbox 595 3285 771 3354; x_wconf 81' lang='lat' dir='ltr'><strong>liberatam,</strong></span> <span class='ocrx_word' id='word_1_295' title='bbox 807 3285 840 3342; x_wconf 83' lang='lat' dir='ltr'><strong>od</strong></span> <span class='ocrx_word' id='word_1_296' title='bbox 868 3285 1000 3386; x_wconf 79' lang='lat' dir='ltr'><strong>inopiam</strong></span> <span class='ocrx_word' id='word_1_297' title='bbox 1031 3284 1151 3341; x_wconf 82' lang='lat' dir='ltr'><strong>eib&#39;otoa</strong></span> 
     </span>
     <span class='ocr_line' id='line_1_36' title="bbox 191 3363 1150 3446; baseline 0.005 -24"><span class='ocrx_word' id='word_1_298' title='bbox 191 3376 308 3442; x_wconf 75' lang='lat' dir='ltr'><strong>coeptae</strong></span> <span class='ocrx_word' id='word_1_299' title='bbox 326 3371 489 3446; x_wconf 76' lang='lat' dir='ltr'><strong>aeaogr&#39;nto</strong></span> <span class='ocrx_word' id='word_1_300' title='bbox 510 3388 654 3428; x_wconf 81' lang='lat' dir='ltr'><strong>annornm</strong></span> <span class='ocrx_word' id='word_1_301' title='bbox 673 3367 837 3429; x_wconf 61' lang='lat' dir='ltr'><strong>&#39;leminea&#39;</strong></span> <span class='ocrx_word' id='word_1_302' title='bbox 824 3374 887 3428; x_wconf 80' lang='lat' dir='ltr'><strong>toci</strong></span> <span class='ocrx_word' id='word_1_303' title='bbox 907 3373 939 3428; x_wconf 83' lang='grc' dir='ltr'><strong>ιἰι</strong></span> <span class='ocrx_word' id='word_1_304' title='bbox 955 3363 1095 3427; x_wconf 67' lang='lat' dir='ltr'><strong>Tiberim.</strong></span> <span class='ocrx_word' id='word_1_305' title='bbox 1110 3405 1150 3415; x_wconf 90' lang='lat'><em>-</em></span> 
     </span>
     <span class='ocr_line' id='line_1_37' title="bbox 192 3447 1152 3534; baseline 0.006 -26"><span class='ocrx_word' id='word_1_306' title='bbox 192 3450 254 3508; x_wconf 74' lang='lat' dir='ltr'><strong>Sed</strong></span> <span class='ocrx_word' id='word_1_307' title='bbox 281 3447 554 3528; x_wconf 73' lang='lat' dir='ltr'><strong>explorotiaaimam</strong></span> <span class='ocrx_word' id='word_1_308' title='bbox 583 3455 659 3514; x_wconf 80' lang='lat' dir='ltr'><strong>iliad</strong></span> <span class='ocrx_word' id='word_1_309' title='bbox 686 3467 732 3514; x_wconf 80' lang='grc' dir='ltr'><strong>ιιι</strong></span> <span class='ocrx_word' id='word_1_310' title='bbox 760 3475 906 3514; x_wconf 77' lang='lat' dir='ltr'><strong>nauseae:</strong></span> <span class='ocrx_word' id='word_1_311' title='bbox 935 3473 991 3533; x_wconf 83' lang='lat' dir='ltr'><strong>quo</strong></span> <span class='ocrx_word' id='word_1_312' title='bbox 1018 3463 1152 3534; x_wconf 82' lang='lat' dir='ltr'><strong>tempore</strong></span> 
     </span>
     <span class='ocr_line' id='line_1_38' title="bbox 187 3539 1150 3638; baseline 0.002 -42"><span class='ocrx_word' id='word_1_313' title='bbox 187 3539 318 3638; x_wconf 68' lang='lat' dir='ltr'><strong>primum</strong></span> <span class='ocrx_word' id='word_1_314' title='bbox 338 3541 394 3612; x_wconf 76' lang='lat' dir='ltr'><strong>per</strong></span> <span class='ocrx_word' id='word_1_315' title='bbox 412 3551 530 3616; x_wconf 82' lang='lat' dir='ltr'><strong>pontem</strong></span> <span class='ocrx_word' id='word_1_316' title='bbox 545 3539 704 3620; x_wconf 82' lang='lat' dir='ltr'><strong>ooepe&#39;ront</strong></span> <span class='ocrx_word' id='word_1_317' title='bbox 717 3545 844 3599; x_wconf 71' lang='lat' dir='ltr'><strong>comitiis</strong></span> <span class='ocrx_word' id='word_1_318' title='bbox 857 3541 1150 3618; x_wconf 74' lang='lat' dir='ltr'><strong>suffragiomferre,</strong></span> 
     </span>
     <span class='ocr_line' id='line_1_39' title="bbox 192 3621 1150 3705; baseline 0.002 -25"><span class='ocrx_word' id='word_1_319' title='bbox 192 3624 322 3680; x_wconf 77' lang='lat' dir='ltr'><strong>iuniores</strong></span> <span class='ocrx_word' id='word_1_320' title='bbox 338 3621 610 3700; x_wconf 80' lang='lat' dir='ltr'><strong>conclamaverant,</strong></span> <span class='ocrx_word' id='word_1_321' title='bbox 633 3636 666 3684; x_wconf 85' lang='lat' dir='ltr'><strong>m</strong></span> <span class='ocrx_word' id='word_1_322' title='bbox 679 3627 714 3685; x_wconf 88' lang='lat' dir='ltr'><strong>de</strong></span> <span class='ocrx_word' id='word_1_323' title='bbox 733 3637 823 3705; x_wconf 81' lang='lat' dir='ltr'><strong>ponte</strong></span> <span class='ocrx_word' id='word_1_324' title='bbox 840 3627 1042 3686; x_wconf 82' lang='lat' dir='ltr'><strong>deiicerentor</strong></span> <span class='ocrx_word' id='word_1_325' title='bbox 1059 3645 1150 3684; x_wconf 75' lang='lat' dir='ltr'><strong>aean·</strong></span> 
     </span>
     <span class='ocr_line' id='line_1_40' title="bbox 189 3708 1151 3792; baseline 0.002 -26"><span class='ocrx_word' id='word_1_326' title='bbox 189 3709 322 3786; x_wconf 74' lang='lat' dir='ltr'><strong>genardi,</strong></span> <span class='ocrx_word' id='word_1_327' title='bbox 343 3708 396 3784; x_wconf 77' lang='lat' dir='ltr'><strong>pai</strong></span> <span class='ocrx_word' id='word_1_328' title='bbox 415 3711 475 3766; x_wconf 84' lang='lat' dir='ltr'><strong>iem</strong></span> <span class='ocrx_word' id='word_1_329' title='bbox 498 3713 578 3770; x_wconf 75' lang='lat' dir='ltr'><strong>nollo</strong></span> <span class='ocrx_word' id='word_1_330' title='bbox 599 3713 715 3792; x_wconf 80' lang='lat' dir='ltr'><strong>publico</strong></span> <span class='ocrx_word' id='word_1_331' title='bbox 737 3733 857 3771; x_wconf 76' lang='lat' dir='ltr'><strong>enomere</strong></span> <span class='ocrx_word' id='word_1_332' title='bbox 873 3715 1093 3788; x_wconf 80' lang='lat' dir='ltr'><strong>fungerentur,</strong></span> <span class='ocrx_word' id='word_1_333' title='bbox 1118 3721 1151 3769; x_wconf 83' lang='lat' dir='ltr'><strong>nt</strong></span> 
     </span>
    </p>
   </div>
   <div class='ocr_carea' id='block_1_13' title="bbox 190 3793 1148 3961">
    <p class='ocr_par' dir='ltr' id='par_1_14' title="bbox 190 3793 1148 3961">
     <span class='ocr_line' id='line_1_41' title="bbox 190 3793 1148 3877; baseline 0.004 -27"><span class='ocrx_word' id='word_1_334' title='bbox 190 3798 252 3871; x_wconf 78' lang='lat' dir='ltr'><strong>tpar&#39;</strong></span> <span class='ocrx_word' id='word_1_335' title='bbox 261 3796 361 3873; x_wconf 77' lang='lat' dir='ltr'><strong>potios</strong></span> <span class='ocrx_word' id='word_1_336' title='bbox 377 3793 442 3863; x_wconf 74' lang='lat' dir='ltr'><strong>atti,</strong></span> <span class='ocrx_word' id='word_1_337' title='bbox 458 3815 545 3872; x_wconf 83' lang='lat' dir='ltr'><strong>paam</strong></span> <span class='ocrx_word' id='word_1_338' title='bbox 560 3799 607 3855; x_wconf 85' lang='grc'><strong>1111</strong></span> <span class='ocrx_word' id='word_1_339' title='bbox 621 3799 787 3877; x_wconf 79' lang='lat' dir='ltr'><strong>deligerent</strong></span> <span class='ocrx_word' id='word_1_340' title='bbox 803 3801 1023 3876; x_wconf 67' lang='lat' dir='ltr'><strong>temperatorem.</strong></span> <span class='ocrx_word' id='word_1_341' title='bbox 1052 3795 1148 3854; x_wconf 75' lang='lat' dir='ltr'><strong>Varro</strong></span> 
     </span>
     <span class='ocr_line' id='line_1_42' title="bbox 191 3877 1148 3961; baseline 0.006 -25"><span class='ocrx_word' id='word_1_342' title='bbox 191 3881 226 3936; x_wconf 83' lang='lat' dir='ltr'><strong>dt</strong></span> <span class='ocrx_word' id='word_1_343' title='bbox 245 3881 301 3938; x_wconf 78' lang='lat' dir='ltr'><strong>Via.</strong></span> <span class='ocrx_word' id='word_1_344' title='bbox 322 3881 390 3952; x_wconf 84' lang='lat' dir='ltr'><strong>Pop.</strong></span> <span class='ocrx_word' id='word_1_345' title='bbox 412 3877 492 3936; x_wconf 86' lang='lat' dir='ltr'><strong>Rom.</strong></span> <span class='ocrx_word' id='word_1_346' title='bbox 520 3884 539 3939; x_wconf 91' lang='lat' dir='ltr'><strong>l.</strong></span> <span class='ocrx_word' id='word_1_347' title='bbox 562 3883 664 3961; x_wconf 61' lang='lat' dir='ltr'><strong>ttuap</strong></span> <span class='ocrx_word' id='word_1_348' title='bbox 687 3883 761 3943; x_wconf 89' lang='lat' dir='ltr'><strong>Nan.</strong></span> <span class='ocrx_word' id='word_1_349' title='bbox 784 3881 824 3943; x_wconf 65' lang='grc' dir='ltr'><strong>Μξ</strong></span> <span class='ocrx_word' id='word_1_350' title='bbox 847 3903 874 3960; x_wconf 91' lang='lat' dir='ltr'><strong>p.</strong></span> <span class='ocrx_word' id='word_1_351' title='bbox 898 3883 971 3948; x_wconf 79' lang='lat'><strong>523,</strong></span> <span class='ocrx_word' id='word_1_352' title='bbox 1004 3883 1051 3940; x_wconf 86' lang='lat' dir='ltr'><strong>ed.¹</strong></span> <span class='ocrx_word' id='word_1_353' title='bbox 1071 3883 1148 3960; x_wconf 78' lang='lat' dir='ltr'><strong>lips.</strong></span> 
     </span>
    </p>
   </div>
   <div class='ocr_carea' id='block_1_14' title="bbox 0 0 1274 4388">
    <p class='ocr_par' dir='ltr' id='par_1_15' title="bbox 0 0 1274 4388">
     <span class='ocr_line' id='line_1_43' title="bbox 0 0 1274 4388; baseline 0 0"><span class='ocrx_word' id='word_1_354' title='bbox 0 0 1274 4388; x_wconf 95' lang='lat' dir='ltr'><strong> </strong></span> 
     </span>
    </p>
   </div>
  </div>
 </body>
</html>
