2488 4376
297 271 377 340 PRO
400 271 491 333 SEX.
512 269 656 333 Roscio
679 267 869 330 mommo.
978 265 1061 344 103

98 455 243 543 lamque
273 443 452 540 profrrsos'
475 452 634 538 sumptus
665 449 726 512 aut
756 440 889 512 facient
916 449 976 510 aut
1000 463 1062 535 ap·

98 561 326 660 probabunt,
362 561 447 633 uolo
473 563 510 632 iu
538 587 600 634 oos
627 560 770 659 gravius
799 557 991 657 quidquam
1016 583 1062 631 ne

100 682 230 754 ominis
248 685 280 775 a)
307 679 449 779 quidem
480 705 624 770 caussa,
658 676 792 750 dicere.
847 677 966 750 Unum
992 677 1063 752 hoo
1183 687 1186 698 '

101 796 205 871 dieo:
238 801 354 872 nostri
380 800 439 872 isti
457 796 596 869 nobiles
620 798 689 868 nisi
710 796 898 897 vigilantes
918 809 954 871 et
978 796 1064 870 boui

103 927 139 990 rt
154 917 270 991 fortes
296 927 332 991 ei
356 914 606 989 misericordes
627 926 750 1008 erunt,
778 917 822 988 iis
844 915 1061 1010 haminibus,

104 1035 140 1106 in
157 1037 288 1134 quibus
308 1035 398 1108 haee
419 1043 543 1125 erunt,
567 1044 773 1108 ornamenta
788 1059 850 1106 sua
868 1036 1066 1110 concedant

103 1178 252 1232 neeesse
278 1165 346 1227 est.
389 1151 508 1227 ΜΟ.
541 1151 773 1256 Quapropter
804 1152 967 1227 desinant
1000 1157 1064 1229 ali·

85 1273 248 1371 quando
281 1273 424 1367 dicere,
459 1269 552 1344 maie
578 1271 731 1370 aliquem
762 1271 945 1371 loquutum
970 1301 1065 1371 esse,
1122 1338 1125 1342 .

107 1393 137 1464 si
161 1395 242 1492 quis
259 1390 294 1487 b)
325 1417 411 1466 vere
438 1417 481 1464 ae
504 1389 535 1492 (ἑ)
569 1389 681 1464 libere
689 1419 696 1460 ·.
706 1391 873 1490 loquutus
899 1395 965 1490 sit3
1005 1396 1066 1472 de·

107 1511 223 1584 siuaut
256 1537 355 1586 suam
390 1535 550 1585 caussam
581 1536 665 1582 eum
681 1509 936 1612 ·Chrysogono
971 1521 1067 1587 eom-

107 1633 306 1727 muuioare3
348 1630 532 1722 desinant,
570 1630 600 1700 si
623 1628 686 1703 ille
712 1629 830 1704 laesus
856 1633 921 1726 sit,
957 1633 1001 1708 de
1027 1662 1066 1711 se

108 1749 242 1851 aliquid
266 1750 462 1824 detractum
489 1747 678 1843 arbitrari3
706 1749 869 1843 videant,
896 1777 942 1825 ue
965 1763 1069 1854 turpe

108 1873 345 1970 miserumque
364 1869 397 1962 d)
424 1870 489 1961 sit,
525 1893 589 1941 eos
595 1919 608 1961 ,
636 1869 698 1966 qui
725 1879 925 1966 equestrem
951 1874 1069 1972 splen.

109 1989 233 2064 d'orem
264 1990 339 2087 pati
371 2011 444 2058 nou
476 1996 691 2083 potueruut,
736 1989 830 2060 servi
861 1993 1071 2090 nequissimi

109 2109 385 2184 dominationem
410 2105 507 2178 forre
530 2130 652 2203 posse.
706 2106 810 2197 Quae
838 2110 981 2207 quidem
1008 2116 1072 2192 do·

110 2231 279 2322 minatio,
316 2225 473 2319 iudioes‚
506 2226 544 2296 in
576 2222 656 2298 aliis
688 2226 797 2302 rebus
823 2239 927 2302 autea
951 2259 1071 2309 versa·

110 2349 276 2444 boantem
302 2371 397 2422 raone
419 2342 542 2442 voror)
570 2370 675 2443 quam
692 2350 727 2441 o)
751 2351 844 2421 viam
862 2353 1011 2427 munitet
1019 2353 1070 2460 ¹¹),

111 2467 208 2569 quod
227 2467 253 2563 i)
282 2467 351 2540 iter
384 2466 546 2558 affectet,
583 2465 732 2540 videtisz
777 2467 823 2539 ad
854 2469 986 2567 fidem,
1026 2475 1073 2550 ari

111 2585 374 2677 iusiurandum,
411 2583 456 2658 ad
481 2583 610 2658 iudicia
636 2596 776 2680 vestra,
810 2587 939 2683 adid,
977 2593 1075 2690 quod

113 2707 228 2780 solum
258 2731 372 2804 prope
403 2706 610 2778 incivitate
642 2708 826 2779 sincerum
844 2717 1074 2810 sanctumque

114 2835 238 2900 restat.
293 2823 386 2898 Mi.
421 2825 542 2897 Hieue
576 2826 681 2897 etiam
713 2843 793 2899 sese
818 2836 918 2922 putat
943 2827 1076 2930 aliquid

115 2972 221 3046 posse
238 2945 273 3041 ¹⁵)
301 2943 582 3044 Chrysogonus?
618 2943 677 3016 hio
703 2945 807 3018 etiam
837 2954 966 3041 potens
997 2979 1076 3030 esse

114 3061 228 3140 vulti'
251 3089 273 3136 o
298 3090 374 3136 rem
400 3064 566 3136 miseram
593 3074 698 3163 atque
725 3051 913 3140 acerbam!
949 3070 1078 3176 Neque
1103 3079 1106 3088 ’

114 3371 119 3380 .
160 3316 163 3330 '
201 3319 235 3396 ι)
261 3317 390 3402 hominis
411 3319 527 3378 Oxoon.
550 3319 585 3380 Τ.
608 3341 639 3398 ψ.
666 3319 798 3382 somine·
820 3323 877 3383 Ox.
896 3348 925 3399 χ.
969 3327 1000 3414 ir)
1028 3335 1081 3413 qai

117 3427 176 3490 ος,
204 3425 238 3484 c.
294 3422 332 3502 e)
366 3421 481 3482 et.01.
510 3421 546 3480 Τ.
605 3418 644 3504 d)
680 3426 935 3510 miserrimumque
964 3434 1022 3494 01.
1048 3458 1079 3509 χ.

116 3526 149 3612 ο)
170 3525 458 3602 vexabatsr01.1p.
501 3525 528 3603 f)
551 3527 666 3586 iudicer
687 3549 799 3608 quaero
822 3533 878 3592 01.
894 3557 921 3607 χ.
964 3541 999 3616 g)
1020 3557 1080 3616 qua

117 3635 192 3692 oeni.
220 3632 294 3692 Rea.
315 3627 446 3688 Boemor.
489 3627 524 3707 h)
546 3632 664 3692 minitat
687 3631 743 3690 Ox.
763 3657 792 3707 χ.
820 3636 947 3696 immite!
969 3641 1025 3698 Ox.
1049 3663 1081 3717 ψ.

117 3731 144 3817 i)
171 3753 228 3816 quo
241 3779 243 3787 ,
258 3733 293 3791 de
320 3733 392 3793 Rea.
422 3733 551 3796 Βοόωοτ.
581 3743 653 3798 aaut.
680 3733 778 3794 Lamb.
806 3739 843 3798 ιΙ.
872 3773 912 3784 -
945 3748 976 3798 rt
1004 3743 1083 3822 qaod

119 3838 236 3898 Oxono.
258 3833 290 3894 C.
312 3834 349 3900 T.
378 3837 431 3898 Ed.
454 3835 524 3896 Van.
550 3838 640 3900 1480.
682 3835 717 3922 k)
739 3858 804 3901 eras
825 3841 885 3902 01.
903 3861 932 3912 χ.
