<?xml version="1.0" encoding="UTF-8"?>
<!DOCTYPE html PUBLIC "-//W3C//DTD XHTML 1.0 Transitional//EN"
    "http://www.w3.org/TR/xhtml1/DTD/xhtml1-transitional.dtd">
<html xmlns="http://www.w3.org/1999/xhtml" xml:lang="en" lang="en">
 <head>
  <title>
</title>
<meta http-equiv="Content-Type" content="text/html;charset=utf-8" />
  <meta name='ocr-system' content='tesseract 3.04.00' />
  <meta name='ocr-capabilities' content='ocr_page ocr_carea ocr_par ocr_line ocrx_word'/>
</head>
<body>
  <div class='ocr_page' id='page_1' title='image "./mtulliiciceroni77cicegoog/mtulliiciceroni77cicegoog_0058.png"; bbox 0 0 2482 4378; ppageno 0'>
   <div class='ocr_carea' id='block_1_1' title="bbox 317 249 1080 347">
    <p class='ocr_par' dir='ltr' id='par_1_1' title="bbox 317 249 1080 347">
     <span class='ocr_line' id='line_1_1' title="bbox 317 249 1080 347; baseline 0.004 -37"><span class='ocrx_word' id='word_1_1' title='bbox 317 249 398 312; x_wconf 83' lang='lat' dir='ltr'><strong>eno</strong></span> <span class='ocrx_word' id='word_1_2' title='bbox 420 249 512 314; x_wconf 82' lang='lat' dir='ltr'><strong>sax.</strong></span> <span class='ocrx_word' id='word_1_3' title='bbox 526 249 678 317; x_wconf 77' lang='lat' dir='ltr'><strong>roscio</strong></span> <span class='ocrx_word' id='word_1_4' title='bbox 700 251 901 347; x_wconf 13' lang='lat' dir='ltr'><strong>amomo..</strong></span> <span class='ocrx_word' id='word_1_5' title='bbox 1023 249 1080 338; x_wconf 61' lang='lat' dir='ltr'><strong>pa</strong></span> 
     </span>
    </p>
   </div>
   <div class='ocr_carea' id='block_1_2' title="bbox 113 421 1084 886">
    <p class='ocr_par' dir='ltr' id='par_1_2' title="bbox 113 421 1084 886">
     <span class='ocr_line' id='line_1_2' title="bbox 113 421 1084 526; baseline 0.004 -28"><span class='ocrx_word' id='word_1_6' title='bbox 113 421 320 522; x_wconf 77' lang='lat' dir='ltr'><strong>suspicione</strong></span> <span class='ocrx_word' id='word_1_7' title='bbox 345 431 467 498; x_wconf 89' lang='lat' dir='ltr'><strong>tamen</strong></span> <span class='ocrx_word' id='word_1_8' title='bbox 485 449 558 499; x_wconf 87' lang='lat' dir='ltr'><strong>non</strong></span> <span class='ocrx_word' id='word_1_9' title='bbox 580 434 691 510; x_wconf 85' lang='lat' dir='ltr'><strong>caret.</strong></span> <span class='ocrx_word' id='word_1_10' title='bbox 733 424 896 506; x_wconf 84' lang='lat' dir='ltr'><strong>Tametsi</strong></span> <span class='ocrx_word' id='word_1_11' title='bbox 914 428 1084 526; x_wconf 73' lang='lat' dir='ltr'><strong>miserum</strong></span> 
     </span>
     <span class='ocr_line' id='line_1_3' title="bbox 114 544 1080 645; baseline 0.004 -29"><span class='ocrx_word' id='word_1_12' title='bbox 114 552 191 635; x_wconf 86' lang='lat' dir='ltr'><strong>est,</strong></span> <span class='ocrx_word' id='word_1_13' title='bbox 226 551 348 614; x_wconf 84' lang='lat' dir='ltr'><strong>tamen</strong></span> <span class='ocrx_word' id='word_1_14' title='bbox 373 544 428 636; x_wconf 81' lang='lat' dir='ltr'><strong>ei,</strong></span> <span class='ocrx_word' id='word_1_15' title='bbox 463 545 526 645; x_wconf 78' lang='lat' dir='ltr'><strong>qni</strong></span> <span class='ocrx_word' id='word_1_16' title='bbox 549 545 645 618; x_wconf 88' lang='lat' dir='ltr'><strong>hunc</strong></span> <span class='ocrx_word' id='word_1_17' title='bbox 670 553 835 638; x_wconf 77' lang='lat' dir='ltr'><strong>accuset,</strong></span> <span class='ocrx_word' id='word_1_18' title='bbox 860 549 995 645; x_wconf 87' lang='lat' dir='ltr'><strong>possim</strong></span> <span class='ocrx_word' id='word_1_19' title='bbox 1017 547 1080 620; x_wconf 82' lang='lat' dir='ltr'><strong>eli·</strong></span> 
     </span>
     <span class='ocr_line' id='line_1_4' title="bbox 115 655 1079 765; baseline 0.008 -33"><span class='ocrx_word' id='word_1_20' title='bbox 115 655 319 760; x_wconf 76' lang='lat' dir='ltr'><strong>quomodo</strong></span> <span class='ocrx_word' id='word_1_21' title='bbox 344 663 548 763; x_wconf 70' lang='lat' dir='ltr'><strong>ignoscere.</strong></span> <span class='ocrx_word' id='word_1_22' title='bbox 602 663 724 756; x_wconf 77' lang='lat' dir='ltr'><strong>Quum</strong></span> <span class='ocrx_word' id='word_1_23' title='bbox 743 665 836 738; x_wconf 90' lang='lat' dir='ltr'><strong>enim</strong></span> <span class='ocrx_word' id='word_1_24' title='bbox 862 665 996 765; x_wconf 78' lang='lat' dir='ltr'><strong>aliqrrid</strong></span> <span class='ocrx_word' id='word_1_25' title='bbox 1016 665 1079 740; x_wconf 87' lang='lat' dir='ltr'><strong>ha·</strong></span> 
     </span>
     <span class='ocr_line' id='line_1_5' title="bbox 113 779 1079 886; baseline 0.004 -32"><span class='ocrx_word' id='word_1_26' title='bbox 113 779 221 873; x_wconf 77' lang='lat' dir='ltr'><strong>beat,</strong></span> <span class='ocrx_word' id='word_1_27' title='bbox 256 779 366 879; x_wconf 79' lang='lat' dir='ltr'><strong>quod&#39;</strong></span> <span class='ocrx_word' id='word_1_28' title='bbox 387 786 503 880; x_wconf 78' lang='lat' dir='ltr'><strong>possit</strong></span> <span class='ocrx_word' id='word_1_29' title='bbox 520 787 558 886; x_wconf 77' lang='grc'><strong>0)</strong></span> <span class='ocrx_word' id='word_1_30' title='bbox 589 786 777 858; x_wconf 79' lang='lat' dir='ltr'><strong>criminose</strong></span> <span class='ocrx_word' id='word_1_31' title='bbox 812 807 855 857; x_wconf 84' lang='lat' dir='ltr'><strong>ac</strong></span> <span class='ocrx_word' id='word_1_32' title='bbox 884 786 1079 883; x_wconf 83' lang='lat' dir='ltr'><strong>suspiciose</strong></span> 
     </span>
    </p>
   </div>
   <div class='ocr_carea' id='block_1_3' title="bbox 115 899 1197 1006">
    <p class='ocr_par' dir='ltr' id='par_1_3' title="bbox 115 899 1197 1006">
     <span class='ocr_line' id='line_1_6' title="bbox 115 899 1197 1006; baseline 0.005 -32"><span class='ocrx_word' id='word_1_33' title='bbox 115 899 257 993; x_wconf 83' lang='lat' dir='ltr'><strong>dicere,</strong></span> <span class='ocrx_word' id='word_1_34' title='bbox 275 911 416 997; x_wconf 53' lang='lat' dir='ltr'><strong>aperte</strong></span> <span class='ocrx_word' id='word_1_35' title='bbox 449 901 625 976; x_wconf 77' lang='lat' dir='ltr'><strong>ludificari</strong></span> <span class='ocrx_word' id='word_1_36' title='bbox 658 914 693 976; x_wconf 87' lang='lat' dir='ltr'><strong>et</strong></span> <span class='ocrx_word' id='word_1_37' title='bbox 723 903 929 978; x_wconf 86' lang='lat' dir='ltr'><strong>caluminari</strong></span> <span class='ocrx_word' id='word_1_38' title='bbox 962 908 1079 986; x_wconf 82' lang='lat' dir='ltr'><strong>sciens</strong></span> <span class='ocrx_word' id='word_1_39' title='bbox 1189 984 1197 1006; x_wconf 32' lang='grc' dir='ltr'><strong>ι</strong></span> 
     </span>
    </p>
   </div>
   <div class='ocr_carea' id='block_1_4' title="bbox 59 1017 1147 3401">
    <p class='ocr_par' dir='ltr' id='par_1_4' title="bbox 59 1017 1147 2440">
     <span class='ocr_line' id='line_1_7' title="bbox 113 1017 1080 1124; baseline 0.004 -29"><span class='ocrx_word' id='word_1_40' title='bbox 113 1045 188 1095; x_wconf 89' lang='lat' dir='ltr'><strong>uon</strong></span> <span class='ocrx_word' id='word_1_41' title='bbox 216 1018 395 1096; x_wconf 81' lang='lat' dir='ltr'><strong>videatur.</strong></span> <span class='ocrx_word' id='word_1_42' title='bbox 448 1017 519 1096; x_wconf 72' lang='lat'><strong>56.</strong></span> <span class='ocrx_word' id='word_1_43' title='bbox 552 1023 674 1116; x_wconf 79' lang='lat' dir='ltr'><strong>Quare</strong></span> <span class='ocrx_word' id='word_1_44' title='bbox 709 1022 815 1098; x_wconf 76' lang='lat' dir='ltr'><strong>facile</strong></span> <span class='ocrx_word' id='word_1_45' title='bbox 842 1041 965 1098; x_wconf 86' lang='lat' dir='ltr'><strong>omnes</strong></span> <span class='ocrx_word' id='word_1_46' title='bbox 989 1027 1080 1124; x_wconf 74' lang='lat' dir='ltr'><strong>pati·</strong></span> 
     </span>
     <span class='ocr_line' id='line_1_8' title="bbox 113 1143 1080 1245; baseline 0.005 -33"><span class='ocrx_word' id='word_1_47' title='bbox 113 1155 213 1234; x_wconf 82' lang='lat' dir='ltr'><strong>mur,</strong></span> <span class='ocrx_word' id='word_1_48' title='bbox 252 1165 332 1216; x_wconf 87' lang='lat' dir='ltr'><strong>esse</strong></span> <span class='ocrx_word' id='word_1_49' title='bbox 366 1143 669 1242; x_wconf 81' lang='lat' dir='ltr'><strong>quamplurimos</strong></span> <span class='ocrx_word' id='word_1_50' title='bbox 700 1156 946 1239; x_wconf 74' lang='lat' dir='ltr'><strong>accusatores,</strong></span> <span class='ocrx_word' id='word_1_51' title='bbox 981 1144 1080 1245; x_wconf 79' lang='lat' dir='ltr'><strong>quod</strong></span> 
     </span>
     <span class='ocr_line' id='line_1_9' title="bbox 113 1261 1079 1364; baseline 0.002 -26"><span class='ocrx_word' id='word_1_52' title='bbox 113 1261 313 1352; x_wconf 85' lang='lat' dir='ltr'><strong>innocens,</strong></span> <span class='ocrx_word' id='word_1_53' title='bbox 340 1263 372 1334; x_wconf 87' lang='lat' dir='ltr'><strong>si</strong></span> <span class='ocrx_word' id='word_1_54' title='bbox 397 1273 582 1336; x_wconf 80' lang='lat' dir='ltr'><strong>accusatus</strong></span> <span class='ocrx_word' id='word_1_55' title='bbox 605 1264 673 1357; x_wconf 86' lang='lat' dir='ltr'><strong>sit,</strong></span> <span class='ocrx_word' id='word_1_56' title='bbox 698 1263 836 1338; x_wconf 87' lang='lat' dir='ltr'><strong>absolvi</strong></span> <span class='ocrx_word' id='word_1_57' title='bbox 852 1273 985 1364; x_wconf 84' lang='lat' dir='ltr'><strong>potest,</strong></span> <span class='ocrx_word' id='word_1_58' title='bbox 1012 1289 1079 1340; x_wconf 85' lang='lat' dir='ltr'><strong>no·</strong></span> 
     </span>
     <span class='ocr_line' id='line_1_10' title="bbox 115 1380 1077 1475; baseline 0.004 -21"><span class='ocrx_word' id='word_1_59' title='bbox 115 1405 225 1473; x_wconf 82' lang='lat' dir='ltr'><strong>cens,</strong></span> <span class='ocrx_word' id='word_1_60' title='bbox 264 1380 335 1452; x_wconf 88' lang='lat' dir='ltr'><strong>uisi</strong></span> <span class='ocrx_word' id='word_1_61' title='bbox 367 1392 552 1454; x_wconf 77' lang='lat' dir='ltr'><strong>accusatus</strong></span> <span class='ocrx_word' id='word_1_62' title='bbox 577 1383 707 1475; x_wconf 82' lang='lat' dir='ltr'><strong>fuerit,</strong></span> <span class='ocrx_word' id='word_1_63' title='bbox 745 1383 974 1458; x_wconf 82' lang='lat' dir='ltr'><strong>condemnari</strong></span> <span class='ocrx_word' id='word_1_64' title='bbox 1003 1409 1077 1458; x_wconf 87' lang='lat' dir='ltr'><strong>nou</strong></span> 
     </span>
     <span class='ocr_line' id='line_1_11' title="bbox 113 1499 1075 1596; baseline 0.003 -25"><span class='ocrx_word' id='word_1_65' title='bbox 113 1509 246 1596; x_wconf 82' lang='lat' dir='ltr'><strong>potest.</strong></span> <span class='ocrx_word' id='word_1_66' title='bbox 300 1499 433 1575; x_wconf 78' lang='lat' dir='ltr'><strong>Utilius</strong></span> <span class='ocrx_word' id='word_1_67' title='bbox 460 1513 515 1578; x_wconf 88' lang='lat' dir='ltr'><strong>est</strong></span> <span class='ocrx_word' id='word_1_68' title='bbox 533 1510 652 1576; x_wconf 80' lang='lat' dir='ltr'><strong>autem</strong></span> <span class='ocrx_word' id='word_1_69' title='bbox 677 1501 815 1578; x_wconf 83' lang='lat' dir='ltr'><strong>absolvi</strong></span> <span class='ocrx_word' id='word_1_70' title='bbox 834 1505 1075 1596; x_wconf 76' lang='lat' dir='ltr'><strong>innocentem,</strong></span> 
     </span>
     <span class='ocr_line' id='line_1_12' title="bbox 115 1619 1078 1730; baseline 0.007 -41"><span class='ocrx_word' id='word_1_71' title='bbox 115 1645 221 1718; x_wconf 78' lang='lat' dir='ltr'><strong>qnam</strong></span> <span class='ocrx_word' id='word_1_72' title='bbox 253 1631 444 1696; x_wconf 85' lang='lat' dir='ltr'><strong>nocentem</strong></span> <span class='ocrx_word' id='word_1_73' title='bbox 477 1647 637 1696; x_wconf 81' lang='lat' dir='ltr'><strong>caussam</strong></span> <span class='ocrx_word' id='word_1_74' title='bbox 667 1646 741 1694; x_wconf 91' lang='lat' dir='ltr'><strong>non</strong></span> <span class='ocrx_word' id='word_1_75' title='bbox 770 1622 904 1699; x_wconf 84' lang='lat' dir='ltr'><strong>dicere.</strong></span> <span class='ocrx_word' id='word_1_76' title='bbox 942 1619 1078 1730; x_wconf 22' lang='lat' dir='ltr'><strong>&#39;Ansef</strong></span> 
     </span>
     <span class='ocr_line' id='line_1_13' title="bbox 59 1736 1079 1837; baseline 0.006 -25"><span class='ocrx_word' id='word_1_77' title='bbox 59 1821 62 1834; x_wconf 93' lang='lat'>.</span> <span class='ocrx_word' id='word_1_78' title='bbox 114 1738 214 1812; x_wconf 80' lang='lat' dir='ltr'><strong>ribus</strong></span> <span class='ocrx_word' id='word_1_79' title='bbox 240 1736 374 1821; x_wconf 80' lang='lat' dir='ltr'><strong>¹cibario</strong></span> <span class='ocrx_word' id='word_1_80' title='bbox 397 1739 540 1837; x_wconf 82' lang='lat' dir='ltr'><strong>pubiice</strong></span> <span class='ocrx_word' id='word_1_81' title='bbox 556 1741 729 1814; x_wconf 79' lang='lat' dir='ltr'><strong>&#39;locantur</strong></span> <span class='ocrx_word' id='word_1_82' title='bbox 753 1750 790 1816; x_wconf 92' lang='lat' dir='ltr'><strong>et</strong></span> <span class='ocrx_word' id='word_1_83' title='bbox 810 1767 918 1816; x_wconf 84' lang='lat' dir='ltr'><strong>canes</strong></span> <span class='ocrx_word' id='word_1_84' title='bbox 937 1742 1079 1818; x_wconf 76' lang='lat' dir='ltr'><strong>aluntur</strong></span> 
     </span>
     <span class='ocr_line' id='line_1_14' title="bbox 114 1855 1147 1959; baseline 0.004 -27"><span class='ocrx_word' id='word_1_85' title='bbox 114 1859 152 1932; x_wconf 91' lang='lat' dir='ltr'><strong>in</strong></span> <span class='ocrx_word' id='word_1_86' title='bbox 177 1855 379 1954; x_wconf 83' lang='lat' dir='ltr'><strong>Capitolio,</strong></span> <span class='ocrx_word' id='word_1_87' title='bbox 406 1867 447 1931; x_wconf 89' lang='lat' dir='ltr'><strong>ut</strong></span> <span class='ocrx_word' id='word_1_88' title='bbox 471 1859 692 1959; x_wconf 76' lang='lat' dir='ltr'><strong>significent,</strong></span> <span class='ocrx_word' id='word_1_89' title='bbox 721 1861 752 1932; x_wconf 94' lang='lat' dir='ltr'><strong>si</strong></span> <span class='ocrx_word' id='word_1_90' title='bbox 776 1861 875 1935; x_wconf 87' lang='lat' dir='ltr'><strong>fures</strong></span> <span class='ocrx_word' id='word_1_91' title='bbox 898 1864 1074 1936; x_wconf 79' lang='lat' dir='ltr'><strong>venerint.</strong></span> <span class='ocrx_word' id='word_1_92' title='bbox 1142 1868 1147 1882; x_wconf 86' lang='lat'>&#39;</span> 
     </span>
     <span class='ocr_line' id='line_1_15' title="bbox 114 1975 1077 2082; baseline 0.006 -30"><span class='ocrx_word' id='word_1_93' title='bbox 114 1975 168 2052; x_wconf 80' lang='lat' dir='ltr'><strong>At</strong></span> <span class='ocrx_word' id='word_1_94' title='bbox 200 1978 300 2050; x_wconf 85' lang='lat' dir='ltr'><strong>iirrcs</strong></span> <span class='ocrx_word' id='word_1_95' title='bbox 330 1975 575 2054; x_wconf 82' lang='lat' dir='ltr'><strong>internoscere</strong></span> <span class='ocrx_word' id='word_1_96' title='bbox 605 2005 679 2052; x_wconf 88' lang='lat' dir='ltr'><strong>uon</strong></span> <span class='ocrx_word' id='word_1_97' title='bbox 709 1989 894 2076; x_wconf 71' lang='lat' dir='ltr'><strong>possunt·</strong></span> <span class='ocrx_word' id='word_1_98' title='bbox 927 1979 1077 2082; x_wconf 39' lang='lat' dir='ltr'><strong>signifi-2</strong></span> 
     </span>
     <span class='ocr_line' id='line_1_16' title="bbox 115 2096 1097 2204; baseline 0.005 -34"><span class='ocrx_word' id='word_1_99' title='bbox 115 2106 198 2170; x_wconf 87' lang='lat' dir='ltr'><strong>cant</strong></span> <span class='ocrx_word' id='word_1_100' title='bbox 222 2105 361 2190; x_wconf 85' lang='lat' dir='ltr'><strong>temen,</strong></span> <span class='ocrx_word' id='word_1_101' title='bbox 390 2099 421 2204; x_wconf 88' lang='lat' dir='ltr'><strong>si</strong></span> <span class='ocrx_word' id='word_1_102' title='bbox 446 2101 508 2198; x_wconf 87' lang='lat' dir='ltr'><strong>qui</strong></span> <span class='ocrx_word' id='word_1_103' title='bbox 533 2108 642 2174; x_wconf 89' lang='lat' dir='ltr'><strong>noctu</strong></span> <span class='ocrx_word' id='word_1_104' title='bbox 657 2096 692 2192; x_wconf 80' lang='lat' dir='ltr'><strong>l’)</strong></span> <span class='ocrx_word' id='word_1_105' title='bbox 718 2100 755 2172; x_wconf 91' lang='lat' dir='ltr'><strong>iu</strong></span> <span class='ocrx_word' id='word_1_106' title='bbox 775 2097 990 2197; x_wconf 82' lang='lat' dir='ltr'><strong>Capitolium</strong></span> <span class='ocrx_word' id='word_1_107' title='bbox 1010 2123 1097 2201; x_wconf 54' lang='lat' dir='ltr'><strong>yves*</strong></span> 
     </span>
     <span class='ocr_line' id='line_1_17' title="bbox 114 2217 1079 2318; baseline 0.006 -29"><span class='ocrx_word' id='word_1_108' title='bbox 114 2218 232 2290; x_wconf 84' lang='lat' dir='ltr'><strong>nerint</strong></span> <span class='ocrx_word' id='word_1_109' title='bbox 264 2226 323 2310; x_wconf 86' lang='lat' dir='ltr'><strong>et,</strong></span> <span class='ocrx_word' id='word_1_110' title='bbox 365 2219 448 2318; x_wconf 80' lang='lat' dir='ltr'><strong>quia</strong></span> <span class='ocrx_word' id='word_1_111' title='bbox 479 2217 517 2290; x_wconf 85' lang='lat' dir='ltr'><strong>id</strong></span> <span class='ocrx_word' id='word_1_112' title='bbox 554 2229 608 2292; x_wconf 86' lang='lat' dir='ltr'><strong>est</strong></span> <span class='ocrx_word' id='word_1_113' title='bbox 641 2220 898 2316; x_wconf 83' lang='lat' dir='ltr'><strong>suspiciosum,</strong></span> <span class='ocrx_word' id='word_1_114' title='bbox 937 2221 1079 2295; x_wconf 84' lang='lat' dir='ltr'><strong>tametsi</strong></span> 
     </span>
     <span class='ocr_line' id='line_1_18' title="bbox 114 2335 1078 2459; baseline 0.007 -50"><span class='ocrx_word' id='word_1_115' title='bbox 114 2335 267 2410; x_wconf 86' lang='lat' dir='ltr'><strong>hestiae</strong></span> <span class='ocrx_word' id='word_1_116' title='bbox 276 2346 359 2410; x_wconf 89' lang='lat' dir='ltr'><strong>sunt</strong></span> <span class='ocrx_word' id='word_1_117' title='bbox 380 2341 444 2433; x_wconf 97' lang='grc'><strong>0,)</strong></span> <span class='ocrx_word' id='word_1_118' title='bbox 454 2341 624 2412; x_wconf 54' lang='lat' dir='ltr'><strong>&#39;³tamen</strong></span> <span class='ocrx_word' id='word_1_119' title='bbox 612 2366 663 2411; x_wconf 90' lang='grc' dir='ltr'><strong>ιιι</strong></span> <span class='ocrx_word' id='word_1_120' title='bbox 681 2366 761 2414; x_wconf 83' lang='lat' dir='ltr'><strong>eam</strong></span> <span class='ocrx_word' id='word_1_121' title='bbox 791 2351 930 2440; x_wconf 85' lang='lat' dir='ltr'><strong>partem</strong></span> <span class='ocrx_word' id='word_1_122' title='bbox 957 2343 1078 2459; x_wconf 81' lang='lat' dir='ltr'><strong>potius</strong></span> 
     </span>
    </p>

    <p class='ocr_par' dir='ltr' id='par_1_5' title="bbox 113 2439 1118 3401">
     <span class='ocr_line' id='line_1_19' title="bbox 114 2439 1118 2562; baseline 0.008 -33"><span class='ocrx_word' id='word_1_123' title='bbox 114 2465 286 2555; x_wconf 87' lang='lat' dir='ltr'><strong>peccant,</strong></span> <span class='ocrx_word' id='word_1_124' title='bbox 315 2468 481 2557; x_wconf 85' lang='lat' dir='ltr'><strong>quaeest</strong></span> <span class='ocrx_word' id='word_1_125' title='bbox 501 2447 650 2532; x_wconf 85' lang='lat' dir='ltr'><strong>cautior.</strong></span> <span class='ocrx_word' id='word_1_126' title='bbox 704 2459 865 2558; x_wconf 74' lang='lat' dir='ltr'><strong>Quodsi</strong></span> <span class='ocrx_word' id='word_1_127' title='bbox 887 2461 967 2536; x_wconf 88' lang='lat' dir='ltr'><strong>lucc</strong></span> <span class='ocrx_word' id='word_1_128' title='bbox 988 2488 1077 2562; x_wconf 88' lang='lat' dir='ltr'><strong>quo·</strong></span> <span class='ocrx_word' id='word_1_129' title='bbox 1116 2439 1118 2450; x_wconf 37' lang='grc' dir='ltr'>Ι</span> 
     </span>
     <span class='ocr_line' id='line_1_20' title="bbox 115 2577 1077 2678; baseline 0.001 -26"><span class='ocrx_word' id='word_1_130' title='bbox 115 2603 184 2676; x_wconf 84' lang='lat' dir='ltr'><strong>que</strong></span> <span class='ocrx_word' id='word_1_131' title='bbox 211 2600 319 2650; x_wconf 88' lang='lat' dir='ltr'><strong>canes</strong></span> <span class='ocrx_word' id='word_1_132' title='bbox 343 2577 496 2673; x_wconf 80' lang='lat' dir='ltr'><strong>latr-ent,</strong></span> <span class='ocrx_word' id='word_1_133' title='bbox 534 2606 642 2678; x_wconf 85' lang='lat' dir='ltr'><strong>quum</strong></span> <span class='ocrx_word' id='word_1_134' title='bbox 673 2579 761 2654; x_wconf 83' lang='lat' dir='ltr'><strong>deos</strong></span> <span class='ocrx_word' id='word_1_135' title='bbox 794 2581 987 2656; x_wconf 86' lang='lat' dir='ltr'><strong>salutatum</strong></span> <span class='ocrx_word' id='word_1_136' title='bbox 1013 2581 1077 2655; x_wconf 86' lang='lat' dir='ltr'><strong>ali·</strong></span> 
     </span>
     <span class='ocr_line' id='line_1_21' title="bbox 115 2695 1077 2801; baseline 0.003 -32"><span class='ocrx_word' id='word_1_137' title='bbox 115 2698 175 2796; x_wconf 82' lang='lat' dir='ltr'><strong>qui</strong></span> <span class='ocrx_word' id='word_1_138' title='bbox 200 2697 363 2769; x_wconf 81' lang='lat' dir='ltr'><strong>venerint</strong></span> <span class='ocrx_word' id='word_1_139' title='bbox 380 2695 434 2801; x_wconf 70' lang='grc'><strong>0),</strong></span> <span class='ocrx_word' id='word_1_140' title='bbox 467 2700 616 2798; x_wconf 81' lang='lat' dir='ltr'><strong>opinor,</strong></span> <span class='ocrx_word' id='word_1_141' title='bbox 652 2701 697 2772; x_wconf 91' lang='lat' dir='ltr'><strong>iis</strong></span> <span class='ocrx_word' id='word_1_142' title='bbox 728 2727 833 2774; x_wconf 91' lang='lat' dir='ltr'><strong>crura</strong></span> <span class='ocrx_word' id='word_1_143' title='bbox 864 2701 1077 2800; x_wconf 75' lang='lat' dir='ltr'><strong>antii-ingan·</strong></span> 
     </span>
     <span class='ocr_line' id='line_1_22' title="bbox 114 2813 1077 2918; baseline 0.001 -26"><span class='ocrx_word' id='word_1_144' title='bbox 114 2829 173 2892; x_wconf 88' lang='lat' dir='ltr'><strong>tm·</strong></span> <span class='ocrx_word' id='word_1_145' title='bbox 194 2813 249 2918; x_wconf 85' lang='grc'><strong>0),</strong></span> <span class='ocrx_word' id='word_1_146' title='bbox 286 2815 411 2916; x_wconf 70' lang='lat' dir='ltr'><strong>quoti</strong></span> <span class='ocrx_word' id='word_1_147' title='bbox 414 2843 516 2892; x_wconf 87' lang='lat' dir='ltr'><strong>acres</strong></span> <span class='ocrx_word' id='word_1_148' title='bbox 550 2821 622 2892; x_wconf 85' lang='lat' dir='ltr'><strong>sint</strong></span> <span class='ocrx_word' id='word_1_149' title='bbox 652 2817 758 2893; x_wconf 81' lang='lat' dir='ltr'><strong>etiam</strong></span> <span class='ocrx_word' id='word_1_150' title='bbox 782 2830 878 2912; x_wconf 86' lang='lat' dir='ltr'><strong>tum,</strong></span> <span class='ocrx_word' id='word_1_151' title='bbox 913 2844 993 2892; x_wconf 90' lang='lat' dir='ltr'><strong>cum</strong></span> <span class='ocrx_word' id='word_1_152' title='bbox 1019 2847 1077 2893; x_wconf 83' lang='lat' dir='ltr'><strong>eu·</strong></span> 
     </span>
     <span class='ocr_line' id='line_1_23' title="bbox 115 2921 1078 3062; baseline 0.004 -51"><span class='ocrx_word' id='word_1_153' title='bbox 115 2936 233 3062; x_wconf 86' lang='lat' dir='ltr'><strong>spicio</strong></span> <span class='ocrx_word' id='word_1_154' title='bbox 258 2925 358 3010; x_wconf 83' lang='lat' dir='ltr'><strong>nulla</strong></span> <span class='ocrx_word' id='word_1_155' title='bbox 390 2921 449 3009; x_wconf 83' lang='lat' dir='ltr'><strong>sit.</strong></span> <span class='ocrx_word' id='word_1_156' title='bbox 502 2935 572 3012; x_wconf 77' lang='lat'><strong>57.</strong></span> <span class='ocrx_word' id='word_1_157' title='bbox 601 2938 790 3032; x_wconf 81' lang='lat' dir='ltr'><strong>simillima</strong></span> <span class='ocrx_word' id='word_1_158' title='bbox 817 2948 871 3010; x_wconf 85' lang='lat' dir='ltr'><strong>est</strong></span> <span class='ocrx_word' id='word_1_159' title='bbox 896 2950 1078 3015; x_wconf 87' lang='lat' dir='ltr'><strong>accusato·</strong></span> 
     </span>
     <span class='ocr_line' id='line_1_24' title="bbox 114 3045 1078 3174; baseline 0.005 -43"><span class='ocrx_word' id='word_1_160' title='bbox 114 3086 194 3131; x_wconf 85' lang='lat' dir='ltr'><strong>rnm</strong></span> <span class='ocrx_word' id='word_1_161' title='bbox 226 3057 333 3138; x_wconf 83' lang='lat' dir='ltr'><strong>ratio</strong></span> <span class='ocrx_word' id='word_1_162' title='bbox 395 3045 474 3128; x_wconf 80' lang='lat' dir='ltr'><strong>Alii</strong></span> <span class='ocrx_word' id='word_1_163' title='bbox 507 3069 665 3132; x_wconf 86' lang='lat' dir='ltr'><strong>vestrum</strong></span> <span class='ocrx_word' id='word_1_164' title='bbox 696 3065 841 3131; x_wconf 83' lang='lat' dir='ltr'><strong>anseres</strong></span> <span class='ocrx_word' id='word_1_165' title='bbox 874 3069 978 3174; x_wconf 80' lang='lat' dir='ltr'><strong>sunt,</strong></span> <span class='ocrx_word' id='word_1_166' title='bbox 1016 3062 1078 3163; x_wconf 85' lang='lat' dir='ltr'><strong>qui</strong></span> 
     </span>
     <span class='ocr_line' id='line_1_25' title="bbox 113 3168 1077 3282; baseline 0.006 -32"><span class='ocrx_word' id='word_1_167' title='bbox 113 3168 357 3252; x_wconf 75' lang='lat' dir='ltr'><strong>tantummodo</strong></span> <span class='ocrx_word' id='word_1_168' title='bbox 372 3174 545 3273; x_wconf 85' lang='lat' dir='ltr'><strong>clamant,</strong></span> <span class='ocrx_word' id='word_1_169' title='bbox 572 3202 704 3252; x_wconf 90' lang='lat' dir='ltr'><strong>nocere</strong></span> <span class='ocrx_word' id='word_1_170' title='bbox 728 3201 802 3250; x_wconf 92' lang='lat' dir='ltr'><strong>non</strong></span> <span class='ocrx_word' id='word_1_171' title='bbox 799 3193 990 3282; x_wconf 70' lang='lat' dir='ltr'><strong>pessuntj</strong></span> <span class='ocrx_word' id='word_1_172' title='bbox 1017 3180 1077 3256; x_wconf 88' lang='lat' dir='ltr'><strong>alii</strong></span> 
     </span>
     <span class='ocr_line' id='line_1_26' title="bbox 115 3294 1076 3401; baseline 0.002 -29"><span class='ocrx_word' id='word_1_173' title='bbox 115 3323 243 3391; x_wconf 85' lang='lat' dir='ltr'><strong>canes,</strong></span> <span class='ocrx_word' id='word_1_174' title='bbox 271 3297 334 3396; x_wconf 81' lang='lat' dir='ltr'><strong>qui</strong></span> <span class='ocrx_word' id='word_1_175' title='bbox 357 3306 393 3370; x_wconf 86' lang='lat' dir='ltr'><strong>et</strong></span> <span class='ocrx_word' id='word_1_176' title='bbox 416 3295 546 3372; x_wconf 76' lang='lat' dir='ltr'><strong>latrare</strong></span> <span class='ocrx_word' id='word_1_177' title='bbox 571 3308 608 3375; x_wconf 88' lang='lat' dir='ltr'><strong>et</strong></span> <span class='ocrx_word' id='word_1_178' title='bbox 631 3294 797 3372; x_wconf 86' lang='lat' dir='ltr'><strong>mordere</strong></span> <span class='ocrx_word' id='word_1_179' title='bbox 816 3311 979 3401; x_wconf 85' lang='lat' dir='ltr'><strong>possunt.</strong></span> <span class='ocrx_word' id='word_1_180' title='bbox 1014 3301 1076 3378; x_wconf 83' lang='lat' dir='ltr'><strong>Gi·</strong></span> 
     </span>
    </p>
   </div>
   <div class='ocr_carea' id='block_1_5' title="bbox 114 3536 1077 3724">
    <p class='ocr_par' dir='ltr' id='par_1_6' title="bbox 114 3536 1077 3724">
     <span class='ocr_line' id='line_1_27' title="bbox 199 3536 1077 3622; baseline -0.005 -24.916"><span class='ocrx_word' id='word_1_181' title='bbox 199 3537 634 3619; x_wconf 69' lang='lat' dir='ltr'><strong>a)poaaim010nn.H.S..x</strong></span> <span class='ocrx_word' id='word_1_182' title='bbox 650 3558 773 3621; x_wconf 74' lang='lat' dir='ltr'><strong>porrum</strong></span> <span class='ocrx_word' id='word_1_183' title='bbox 787 3540 845 3601; x_wconf 85' lang='lat' dir='ltr'><strong>Ox.</strong></span> <span class='ocrx_word' id='word_1_184' title='bbox 860 3539 897 3600; x_wconf 83' lang='lat' dir='ltr'><strong>R.</strong></span> <span class='ocrx_word' id='word_1_185' title='bbox 930 3536 964 3622; x_wconf 82' lang='lat' dir='ltr'><strong>b)</strong></span> <span class='ocrx_word' id='word_1_186' title='bbox 987 3546 1077 3596; x_wconf 73' lang='lat' dir='ltr'><strong>noers</strong></span> 
     </span>
     <span class='ocr_line' id='line_1_28' title="bbox 114 3635 1076 3724; baseline -0.008 -23"><span class='ocrx_word' id='word_1_187' title='bbox 114 3661 169 3701; x_wconf 84' lang='lat' dir='ltr'><strong>car.</strong></span> <span class='ocrx_word' id='word_1_188' title='bbox 199 3639 258 3700; x_wconf 81' lang='lat' dir='ltr'><strong>Ox.</strong></span> <span class='ocrx_word' id='word_1_189' title='bbox 282 3663 313 3713; x_wconf 74' lang='grc' dir='ltr'><strong>χ.</strong></span> <span class='ocrx_word' id='word_1_190' title='bbox 363 3635 403 3724; x_wconf 91' lang='lat' dir='ltr'><strong>c)</strong></span> <span class='ocrx_word' id='word_1_191' title='bbox 436 3643 501 3701; x_wconf 76' lang='lat' dir='ltr'><strong>sint</strong></span> <span class='ocrx_word' id='word_1_192' title='bbox 525 3642 641 3702; x_wconf 83' lang='lat' dir='ltr'><strong>Oxonn.</strong></span> <span class='ocrx_word' id='word_1_193' title='bbox 669 3641 702 3703; x_wconf 79' lang='grc'><strong>0.</strong></span> <span class='ocrx_word' id='word_1_194' title='bbox 730 3643 778 3704; x_wconf 84' lang='grc' dir='ltr'><strong>Η.</strong></span> <span class='ocrx_word' id='word_1_195' title='bbox 797 3643 830 3705; x_wconf 86' lang='lat' dir='ltr'><strong>S.</strong></span> <span class='ocrx_word' id='word_1_196' title='bbox 879 3641 921 3721; x_wconf 80' lang='lat' dir='ltr'><strong>d)</strong></span> <span class='ocrx_word' id='word_1_197' title='bbox 952 3638 1076 3698; x_wconf 75' lang='lat' dir='ltr'><strong>venient</strong></span> 
     </span>
    </p>
   </div>
   <div class='ocr_carea' id='block_1_6' title="bbox 112 3737 1076 3922">
    <p class='ocr_par' dir='ltr' id='par_1_7' title="bbox 112 3737 1076 3922">
     <span class='ocr_line' id='line_1_29' title="bbox 114 3737 1076 3825; baseline -0.004 -23"><span class='ocrx_word' id='word_1_198' title='bbox 114 3741 171 3804; x_wconf 79' lang='lat'><strong>0¹.</strong></span> <span class='ocrx_word' id='word_1_199' title='bbox 197 3765 225 3817; x_wconf 74' lang='grc' dir='ltr'><strong>χ.</strong></span> <span class='ocrx_word' id='word_1_200' title='bbox 276 3737 307 3825; x_wconf 78' lang='grc' dir='ltr'>ο)</span> <span class='ocrx_word' id='word_1_201' title='bbox 338 3743 364 3801; x_wconf 78' lang='lat' dir='ltr'><strong>c·</strong></span> <span class='ocrx_word' id='word_1_202' title='bbox 391 3745 476 3802; x_wconf 78' lang='lat' dir='ltr'><strong>cruci</strong></span> <span class='ocrx_word' id='word_1_203' title='bbox 505 3741 689 3825; x_wconf 66' lang='lat' dir='ltr'><strong>suffigentes·</strong></span> <span class='ocrx_word' id='word_1_204' title='bbox 717 3749 791 3807; x_wconf 85' lang='lat' dir='ltr'><strong>coni.</strong></span> <span class='ocrx_word' id='word_1_205' title='bbox 825 3743 926 3804; x_wconf 79' lang='lat' dir='ltr'><strong>Claud.</strong></span> <span class='ocrx_word' id='word_1_206' title='bbox 953 3740 1076 3800; x_wconf 66' lang='lat' dir='ltr'><strong>Pocae</strong></span> 
     </span>
     <span class='ocr_line' id='line_1_30' title="bbox 112 3843 420 3922; baseline 0 -20"><span class='ocrx_word' id='word_1_207' title='bbox 112 3843 171 3904; x_wconf 79' lang='lat' dir='ltr'><strong>tid.</strong></span> <span class='ocrx_word' id='word_1_208' title='bbox 192 3845 223 3922; x_wconf 60' lang='grc' dir='ltr'><strong>θ.</strong></span> <span class='ocrx_word' id='word_1_209' title='bbox 243 3844 296 3907; x_wconf 80' lang='grc'><strong>57.</strong></span> <span class='ocrx_word' id='word_1_210' title='bbox 416 3857 420 3866; x_wconf 87' lang='grc'>·</span> 
     </span>
    </p>
   </div>
   <div class='ocr_carea' id='block_1_7' title="bbox 0 0 1246 4378">
    <p class='ocr_par' dir='ltr' id='par_1_8' title="bbox 0 0 1246 4378">
     <span class='ocr_line' id='line_1_31' title="bbox 0 0 1246 4378; baseline 0 0"><span class='ocrx_word' id='word_1_211' title='bbox 0 0 1246 4378; x_wconf 95' lang='lat' dir='ltr'><strong> </strong></span> 
     </span>
    </p>
   </div>
  </div>
 </body>
</html>
