2502 4388
170 255 260 338 5⁰4
308 252 632 322 ιιιιιοιιιιοιιιιι.
674 252 1082 341 momumento.

170 429 365 510 expandetur,
387 429 660 508 dignissimorum
701 427 817 492 Etenim
836 449 904 506 pree
918 429 1021 491 ceteris
1042 447 1131 505 mss

169 515 306 588 rendum,
330 533 387 590 qus
408 517 522 576 tandem
545 517 665 578 ratione.
678 514 780 589 Cupito
802 535 903 577 onsnes
920 515 1018 576 editus
1038 518 1129 580 irstoss

171 600 286 666 cludere
307 602 433 674 potuerit
455 602 566 679 legatis.
617 601 699 668 Quod
727 602 753 657 si
775 600 996 678 Chrysogonum
1015 612 1131 676 macto·

170 696 216 746 ret
243 686 338 743 oratio
368 687 412 743 rei
441 685 466 742 si
488 685 589 760 Capito
617 687 725 746 ianitor
748 685 830 752 Lucii
850 686 948 746 Suriae
975 698 1051 750 esset
1078 695 1133 752 sut

169 771 373 850 pedissequos,
395 770 467 828 iilud
489 771 697 846 profecto-non
719 782 920 847 quaereretur,
942 789 1048 846 quum,
1072 787 1131 845 qus

169 857 282 916 ratione
310 867 372 913 tum
400 855 509 914 iactum
539 855 594 915 hoc
621 867 713 925 esset,
745 874 796 930 per
822 875 853 915 se
881 866 977 930 posset
1004 855 1133 934 cogituri

169 941 315 1000 facillime.
358 939 573 998 Verumtamen
594 958 630 997 ne
653 941 770 1000 minima
790 941 905 1016 quidem
927 959 1016 1015 quum
1034 949 1135 1006 exstet.¹

168 1043 290 1101 usquam
312 1027 452 1105 suspicio,
474 1024 505 1084 b.
527 1023 637 1091 Sullam
659 1023 805 1096 habuisse
812 1028 899 1086 ulium
920 1023 1019 1084 Roscii
1042 1025 1133 1100 Copi-

169 1112 247 1172 tonis
270 1111 421 1182 notitiam,
454 1115 661 1171 consectarium
691 1122 750 1183 est,
780 1111 909 1192 euordem
936 1111 1055 1177 minime
1075 1129 1133 1184 pc,-

169 1198 260 1256 tuisse
281 1193 336 1252 hcc
357 1195 519 1252 iiiudveL.
542 1183 640 1255 Sullae
666 1198 814 1274 negotium
842 1197 1038 1266 comminisci,
1071 1214 1137 1271 quo.

167 1283 281 1360 legatos
302 1280 338 1337 ab
360 1281 439 1338 aditu
463 1269 621 1356 impediret.
664 1277 835 1356 Nsmque'
810 1300 836 1340 ιι
850 1293 1028 1341 commentus
1042 1290 1129 1350 esset,

167 1366 298 1445 profecto
320 1367 347 1422 ei
368 1365 524 1424 verendum
546 1365 663 1438 fuisset,
696 1385 733 1424 ne
763 1379 880 1442 propter
909 1365 1019 1427 hano
1009 1383 1136 1444 ignora.

168 1453 276 1512 tionem
295 1450 436 1508 mendacii
457 1467 523 1508 cum
548 1451 638 1528 iegati
658 1462 823 1530 arguerent.
865 1449 1136 1524 bisentinum,

170 1538 219 1614 qui
241 1535 455 1614 repugnabunt,
483 1536 518 1592 ab
541 1534 728 1612 Chrysogono
751 1535 879 1597 eumdem
908 1537 1006 1597 ononis
1027 1533 1127 1598 soum

167 1621 288 1700 negotis
308 1621 437 1696 potuisse
464 1620 576 1678 edoceri
598 1621 750 1694 facillime,
782 1624 823 1680 its
845 1633 894 1692 ut,
925 1639 998 1696 quac
1020 1621 1128 1680 urenti·

167 1717 266 1786 retur,
292 1723 345 1780 pro
367 1705 443 1764 veris
465 1705 592 1780 accipere
614 1708 725 1783 iegntos
746 1717 906 1782 oporteret,
929 1717 1032 1782 utpote
1052 1724 1127 1781 quae

167 1788 204 1850 ab
222 1789 420 1868 Chrysogoni,
440 1787 543 1862 Sullae,
560 1791 671 1858 liberti,
693 1792 786 1851 amico
807 1790 1027 1866 proferrentur..
1046 1794 1127 1860 Quae

168 1875 321 1952 quominus
341 1876 575 1976 comprobentur,
598 1878 643 1933 vei
660 1876 730 1934 iilud
747 1887 790 1934 est
808 1877 1026 1956 impedimento,
1049 1873 1126 1951 quod

167 1961 293 2020 oratoris
321 1959 407 2019 rerba
435 1962 477 2017 oie
509 1961 591 2018 nobie
623 1960 786 2023 describunt
814 1960 998 2036 capitonem,
1033 1961 1128 2020 valoti

167 2047 218 2130 qui
239 2065 292 2103 ιιιιι
313 2045 403 2120 ipsius
425 2044 528 2106 doctus
549 2046 669 2122 perfidie
691 2057 720 2104 et
735 2044 952 2146 Chrysogonum
974 2046 1012 2104 ed
1033 2047 1132 2109 scelus.

165 2123 313 2208 impulerit
334 2141 364 2187 et
384 2131 494 2207 legatos
517 2127 668 2206 deceperit.
711 2129 778 2190 Huc
799 2132 847 2192 uel
868 2133 958 2193 maius
980 2131 1054 2199 iliud
1075 2150 1125 2190 ac-

165 2214 259 2316 cedit,
282 2214 375 2291 quod,
399 2217 447 2272 ubi
470 2215 557 2294 iegati
579 2228 674 2275 essent
695 2216 847 2292 suspicati,
870 2215 1039 2291 Capitonem
1054 2234 1123 2277 eou-

164 2299 275 2375 epirote
302 2317 367 2356 cum
395 2297 599 2378 Chrysogono,
632 2302 721 2359 occisi
748 2299 1009 2378 Rosciiinimico,
1036 2312 1125 2378 utque

165 2383 351 2457 sibimetipsis
383 2382 436 2440 boc
465 2385 507 2440 rei
537 2385 676 2442 dilatione
703 2387 806 2444 misere
835 2387 961 2461 imponi,
998 2387 1125 2444 ciusdem

164 2468 261 2529 verbis
288 2466 372 2526 iidem
402 2480 479 2526 certe
506 2486 564 2526 noo
591 2469 766 2530 habuissent.
809 2471 894 2540 Quod
923 2484 1125 2550 argumentum

163 2564 199 2616 ut
227 2551 351 2623 refutes,
389 2571 476 2624 save,
512 2571 547 2610 ne
574 2555 722 2634 proferas,
757 2573 830 2632 quae
858 2558 996 2634 leguntur
1023 2557 1051 2630 ὅ.
1073 2558 1125 2616 26.

165 2657 310 2721 quumque
331 2637 365 2696 id
386 2641 431 2698 ito
444 2639 589 2714 futurum
614 2635 647 2698 Τ.
663 2639 789 2700 Roscius
814 2640 940 2720 Capito,
961 2643 1013 2720 qui
1034 2643 1066 2700 in
1090 2640 1126 2702 X

165 2727 279 2806 legatio
302 2732 388 2796 erat,
411 2725 648 2804 appromitterst.
692 2727 773 2794 Quae
794 2728 937 2804 quumite
955 2728 1029 2800 sint,
1051 2726 1124 2788 iliud
1196 2737 1199 2745 '

164 2811 331 2888 cumprimis
351 2810 523 2869 studendum
546 2809 680 2886 Capitoni
701 2812 773 2884 suit,
804 2823 836 2870 ut
864 2813 952 2890 legati
974 2812 1124 2888 perfidiam

9 2937 10 2944 ι
103 2937 113 2962 .
163 2917 246 2956 suom
268 2915 304 2954 ne
325 2897 517 2970 perspicerent
539 2907 625 2972 atque
646 2897 719 2954 adeo
739 2915 776 2954 ne
797 2898 1000 2972 opinarentur,
1020 2916 1052 2954 se
1074 2898 1124 2956 de·

164 2982 222 3057 cipi
244 2980 409 3040 ullomodo
431 2981 467 3040 ab
482 2981 575 3056 socio;
603 2984 673 3056 quin
694 2983 790 3057 potins
811 2983 843 3039 in
863 3000 898 3038 eo
920 2982 1125 3042 elaborandum

162 3067 221 3140 icit
242 3063 393 3141 Capitoni,
425 3076 459 3124 ut
485 3085 537 3141 pro
566 3069 721 3128 accerrimo
748 3068 791 3124 rei
813 3066 950 3141 petendae
971 3066 1126 3128 haberetur

165 3149 322 3226 defensore.
365 3150 449 3211 Unde
470 3154 672 3228 consequitur,
695 3171 781 3228 quum
798 3149 945 3228 Ciceronis
966 3153 1054 3210 rerba
1072 3173 1124 3212 ue-

164 3253 220 3312 que
248 3234 284 3292 od
308 3234 526 3316 Chrysogonum
555 3249 685 3312 spectent
712 3255 804 3313 neque
831 3235 933 3312 Capito
955 3234 1055 3299 Sullae
1084 3240 1125 3298 sit

163 3319 289 3389 ianitor,
323 3320 353 3377 id
381 3323 428 3383 vei
455 3322 581 3378 maxime
615 3323 714 3398 quaeri
742 3333 891 3397 oportere,
925 3340 982 3398 qus
1009 3323 1125 3385 reticos

165 3403 290 3462 effecerit
305 3401 424 3480 Capito,
445 3417 479 3464 ut
501 3408 594 3485 iegati
603 3405 712 3464 Sullam
734 3425 792 3464 non
814 3407 936 3466 eriirent.
977 3405 1023 3466 Ao
1046 3408 1124 3484 qood

162 3491 219 3550 iste
245 3485 337 3543 iretur
367 3501 429 3550 erat
457 3491 554 3567 aliqua
580 3509 660 3550 mora
688 3488 813 3550 horavei
846 3487 973 3550 biiuime.
1022 3491 1125 3569 Neque

161 3573 339 3634 lucrabimur
376 3576 547 3651 quidquam,
592 3578 641 3634 nbi
679 3575 853 3656 Pantagathi
893 3577 1126 3640 emendationem

163 3655 422 3736 comprobarimus,
446 3679 532 3736 quum
554 3661 651 3720 eadem
673 3662 881 3720 intercludendi
901 3664 1044 3722 rstiooem
1063 3682 1126 3724 nou

162 3745 274 3804 reddat.
318 3743 402 3812 Quod
423 3762 511 3821 quum
533 3747 575 3806 ito
596 3749 650 3820 sit,
674 3749 799 3822 reiiqoi'
791 3759 977 3825 interpretes,
998 3750 1049 3826 qui
1070 3760 1124 3808 sut

158 3829 236 3902 ficta
257 3847 342 3890 storo
369 3841 420 3890 aut
439 3829 539 3905 faeta
565 3851 651 3892 noro
679 3843 730 3892 aut
748 3831 831 3907 ficta
852 3851 962 3894 caussa
983 3849 1126 3914 proposu-
