2502 4388
199 243 518 338 emortuorum.
564 273 818 338 mnxxxvn.
837 279 865 356 q.
881 262 965 340 roa·
999 271 1084 348 299

122 447 267 508 ‹occultior
295 458 384 528 atque
412 451 519 508 tectior
552 457 690 507 eeelrc
723 449 785 506 iata
818 449 970 526 cupiditiae
997 461 1083 510 earet.

121 539 178 604 (lui
207 537 385 593 coniecturis
413 537 500 592 nimir
531 536 643 607 studet,
671 533 745 590 hanc
774 547 872 608 portet
899 537 1086 610 comprobata

123 623 264 680 Raecium
292 625 438 696 ecriptura
466 622 638 699 excogitare
665 619 917 678 emendationem:
948 621 1087 681 Ruricium

122 712 224 779 iatum,
245 709 266 763 l.
283 725 307 764 e.
330 706 479 786 Magnum,
501 709 550 784 qui
572 706 653 763 redet
677 709 708 761 ln
730 705 885 762 rulrselliie.
928 708 1004 774 Quid
1027 711 1085 786 igi-

122 805 170 851 tar
199 789 262 850 eatl
293 792 382 852 code.
405 793 522 850 Oxonn.
550 795 709 849 arroteritae
739 809 808 848 num
835 793 910 848 tanti
941 794 1086 867 facienda,

122 890 157 937 at
172 877 312 937 Raecium
333 877 430 935 verbis
452 879 579 936 oratoria
601 873 784 935 inseramuel
806 875 864 934 Sed
887 888 984 935 tamen
1007 881 1086 951 vlle,

123 967 219 1041 qualia
246 981 295 1021 rea
322 966 380 1020 iata
409 964 514 1036 faerit,
545 981 631 1038 quam
654 963 790 1019 detulerit
817 965 873 1020 iate
895 963 1019 1020 llorclur
1048 967 1086 1025 etl

125 1050 348 1128 Gltryeogonum
374 1051 405 1106 ln
435 1059 532 1105 costra
554 1048 585 1106 L.
607 1047 717 1112 Sullae.
761 1049 847 1116 Quod
875 1050 959 1106 eiad
987 1053 1087 1125 priore

125 1137 304 1206 attenderis,
332 1135 430 1191 verbis
460 1154 555 1192 nonne
581 1137 710 1212 peropto.
738 1145 769 1191 et
790 1153 816 1210 q.
839 1153 862 1192 a.
890 1137 1022 1210 quaestio
1051 1137 1086 1194 ‹le

125 1221 224 1278 caedit
240 1219 399 1278 Sextianae
422 1222 525 1278 nuntio
547 1221 584 1276 ad
599 1221 821 1298 Chrysogonum
843 1223 932 1278 mireo
954 1221 1087 1280 obuoluta

125 1308 222 1364 rideri
252 1307 353 1377 delret3
387 1307 486 1381 itaque
515 1307 619 1379 rerba,
654 1324 726 1381 quae
754 1317 916 1381 sequuntur
941 1317 996 1363 cut
1024 1328 1087 1368 rem

126 1403 197 1450 aunt
222 1391 417 1470 intelligenda
439 1391 474 1448 de
497 1393 600 1466 amplia
623 1394 712 1449 occisi
735 1390 833 1449 Roscii
856 1392 958 1466 opibus
987 1411 1021 1448 oe
1043 1394 1088 1449 ‹tt-

128 1480 223 1546 ritiir‚
245 1479 275 1535 id
298 1478 374 1554 quod
397 1487 427 1534 et
449 1479 599 1552 sequentia
623 1477 663 1534 At
684 1480 735 1556 qui
755 1481 838 1536 venit
859 1481 889 1536 ei
909 1481 940 1535 in
963 1488 1088 1537 mentem

127 1564 257 1644 praedio
279 1564 485 1639 concupiscere
508 1561 634 1620 hercinia
656 1565 753 1640 ignoti
771 1573 843 1635 ete,
865 1575 894 1621 et
915 1582 988 1639 quoe
1011 1566 1088 1622 inlru

128 1653 267 1728 leguntur
289 1646 314 1730 ᾗ
337 1651 405 1708 lut.
430 1647 472 1706 ad
492 1647 567 1704 lrrcee
589 1647 665 1704 bona
684 1648 905 1726 Cle-progentem
928 1653 1089 1708 accerrime

129 1735 258 1812 impaleu
287 1753 355 1806 eun,
384 1736 548 1790 luculenter
576 1733 774 1810 comprobant.
818 1737 898 1802 Quae
929 1753 1016 1810 quam
1047 1738 1090 1792 ite

130 1824 205 1891 rint,
228 1822 316 1878 etiem
337 1830 455 1890 nostra,
483 1820 518 1876 de
540 1819 643 1893 quibus
666 1821 782 1897 agitur,
804 1823 893 1877 rerba
915 1821 1032 1878 nonniei
1055 1821 1090 1877 tle

132 1907 257 1983 praellis
280 1905 348 1962 Sex.
364 1904 465 1962 Roscii
485 1915 608 1979 potsunt
629 1906 763 1981 intelligi.
808 1907 937 1973 Quorum
959 1908 1090 1984 cognitio

132 2011 218 2070 quum
242 1990 434 2068 Chrysogono
458 1989 537 2048 faeta
559 1991 678 2048 sitnon
701 1991 736 2046 ab
758 1993 820 2048 eolo
845 1991 950 2050 Roscio
971 1991 1092 2070 Magno,

132 2079 180 2156 ¹red
210 2077 245 2133 alr
272 2088 414 2152 utroque,
441 2086 471 2132 et
499 2074 608 2153 Magno
636 2085 665 2132 et
692 2075 849 2149 Capitone,
878 2080 1103 2140 correctorium,

132 2163 263 2242 prolecto
286 2162 459 2232 debetcum,
481 2162 654 2235 scripturam
669 2160 972 2236 Roacioenunioe'eme
992 2181 1092 2222 verum

133 2261 220 2325 atque
242 2251 307 2305 loeo
328 2266 381 2306 suo
404 2248 522 2304 minime
545 2246 762 2306 deturbandam.
804 2247 908 2308 Restat
929 2251 1037 2328 igitur,
1060 2243 1093 2306 u't

134 2353 330 2410 exponamur,
361 2335 410 2408 qui
431 2333 555 2402 lactum,
585 2344 618 2390 ut
640 2331 778 2394 Raecium
800 2355 837 2392 ex
859 2336 1020 2393 certissima
1042 2337 1094 2393 illa

134 2423 280 2494 scriptura
308 2421 379 2477 oriri
409 2419 545 2492 potuerit.
588 2419 686 2476 Grave
708 2439 778 2480 rane
803 2431 1007 2500 argumentum
1036 2423 1094 2478 lam

134 2507 166 2564 in
189 2525 223 2562 eo
246 2515 291 2562 eet
312 2506 515 2578 eonapieuum‚
537 2505 614 2579 quod
636 2525 698 2563 rem
720 2509 811 2564 iatam
833 2508 947 2566 librarii
969 2509 1005 2565 ud
1028 2526 1094 2563 cee-

136 2591 201 2649 clem
231 2591 267 2647 ab
295 2591 382 2647 unico
406 2589 513 2647 lloecio
534 2590 643 2668 Magno
673 2595 704 2648 in
732 2603 829 2650 caetra
858 2593 983 2650 delatam
1012 2593 1094 2648 aoliti

135 2687 203 2736 aunt
223 2677 345 2738 referre.
390 2676 474 2743 Quod
495 2685 699 2753 argumentum
724 2687 876 2751 praeterea
897 2679 945 2734 vel
967 2694 1001 2732 eo
1024 2695 1094 2732 con·

136 2761 247 2820 firmari
276 2762 384 2835 optime
413 2763 633 2831 existimarunt,
661 2762 737 2840 quod
765 2781 828 2820 rem
857 2761 892 2817 de
914 2760 1027 2818 divitiis
1049 2763 1095 2816 in„

136 2850 233 2925 telligi
254 2866 315 2904 non
336 2839 554 2921 poere'opinati
576 2855 644 2902 arunt
665 2848 713 2900 vel
735 2857 905 2921 propterea,
927 2844 1003 2920 quod
1026 2862 1095 2921 opat

137 2935 186 2992 vel
207 2933 333 2990 divitica
356 2932 398 2989 od
419 2932 545 3009 aliquem
568 2931 689 3005 deferre
713 2947 764 3006 pro
787 2932 822 2992 de
845 2930 947 3008 opibae
969 2929 1096 3008 aliquem

138 3019 295 3077 certiorem
317 3020 429 3093 fucere
459 3019 577 3074 omnino
605 3020 731 3073 alienum
760 3027 837 3073 ercet
864 3015 899 3074 ab
927 3015 1098 3075 Latinorum

138 3091 260 3161 ‘dicendi
279 3104 488 3160 consuetudine
510 3114 596 3177 atque
618 3104 758 3160 latinitati
778 3111 965 3179 repugnaret.
997 3099 1097 3177 Neque

139 3190 327 3268 negabimur‚
355 3208 415 3247 nou
444 3208 513 3246 rane
541 3190 677 3245 usitatam
708 3207 770 3244 ease
796 3187 872 3244 hano
898 3189 1098 3262 loquutionera

141 3286 261 3350 propter
287 3274 504 3350 ambiguitatem
526 3273 696 3345 verborum
726 3274 776 3329 red
799 3283 894 3329 tamen
917 3273 992 3346 apud
1015 3271 1098 3330 Cloe-

140 3367 241 3417 ronem
272 3359 327 3416 hoc
354 3361 422 3416 ride
451 3361 613 3434 exemplum
642 3363 674 3416 in
697 3357 779 3416 Orat.
802 3377 854 3434 pro
877 3357 974 3421 Plane.
998 3377 1023 3416 e.
1045 3360 1097 3422 41.

137 3442 169 3526 ᾗ.
197 3449 264 3503 luo.
299 3445 376 3516 Qui,
405 3463 490 3522 quum
513 3446 554 3502 ad
579 3465 623 3502 me
645 3444 677 3501 L.
703 3441 830 3515 Tolera,
860 3463 941 3505 meua
962 3463 1098 3503 neccara-

141 3533 218 3603 ra'ut‚
239 3563 283 3576 -··
304 3529 446 3589 decedens
468 3549 507 3588 ee·
531 3530 605 3588 Aria
627 3531 757 3588 eenlaaet
779 3549 886 3609 eaeque
907 3531 1036 3590 inuidiae
1059 3563 1097 3582 --.

144 3620 243 3674 animo
265 3617 443 3675 amiciatlmo
466 3615 636 3686 deluliaeel,
664 3618 695 3672 in
718 3614 823 3672 Aetam
844 3637 889 3676 me
911 3619 957 3674 ire
981 3651 1019 3668 —.
1043 3634 1100 3674 aon

144 3711 190 3758 eat
215 3721 333 3779 partor.
377 3702 458 3768 Quae
479 3719 566 3776 quum
588 3703 728 3772 iterim,
750 3701 839 3760 verba
861 3705 952 3760 iotam
973 3719 1035 3758 rem
1059 3735 1098 3753 -2

144 3787 288 3846 detulieee
308 3789 425 3846 minime
446 3786 537 3843 luisse
558 3787 698 3844 tentanda
720 3789 930 3845 contendimus.

232 3872 259 3955 ᾗ.
286 3875 352 3934 lot.
402 3873 454 3953 qui
480 3872 587 3932 indicii
609 3882 731 3954 portem
762 3872 924 3954 acceperit]
955 3871 1100 3932 indicium
