2502 4388
66 286 72 300 ’
166 281 492 384 ΙιιιιιιοιιιιοιιιιεΙ
535 277 942 365 caumont-¹1⁰·
992 277 1081 362 3⁰5
1139 235 1143 244 ι

120 470 256 523 totorum
279 458 382 517 oditur
402 466 432 516 et
454 455 558 514 mollio
571 455 671 531 sandi
691 465 841 536 temporo,
863 469 898 516 ιιι
919 459 962 515 ait
980 454 1086 539 virgi·

119 553 185 609 lius.
229 544 316 602 llunc
343 547 436 602 locum
462 541 519 601 viri
540 543 656 617 quidam
684 542 761 600 docti
783 544 892 602 frustm
913 545 1079 604 sollicitant.

120 629 308 694 hollemord.
351 629 392 687 Ut
418 647 495 685 nuuc
524 627 638 702 quidem
666 645 728 684 sese
749 625 836 686 hehet
862 627 932 685 haec
952 644 1016 704 res,
1044 651 1079 691 ec

119 740 173 778 nos
195 719 272 774 retio
293 715 462 788 codicesque
484 713 607 784 ducunt,
630 723 664 770 ut
684 714 829 791 legamus:
852 713 957 791 aliqua
970 719 1085 791 fretus

119 805 197 863 hora
219 812 271 860 aut
289 800 394 878 aliquo
414 801 522 872 fretus
550 815 656 868 moro,-
687 801 830 856 utrumvis
858 800 953 876 legas,
981 804 1080 862 eedem

120 894 177 948 erit
204 888 363 956 sententia,
392 884 478 941 modo
496 883 605 958 fretus
632 901 698 940 curo
718 882 883 942 Foeoiolato
910 887 1079 960 retineatur,

119 978 190 1034 lieet
217 973 334 1048 plurimi
360 968 473 1027 codices
494 969 690 1042 seditionesque
710 979 887 1047 repugnent3
917 971 949 1025 in
977 973 1081 1045 quihus

120 1079 186 1118 cum
199 1061 321 1132 fretum
343 1057 398 1126 sit,
422 1069 480 1112 non
501 1055 622 1112 obscure
642 1055 717 1110 inest
731 1057 838 1128 fretus
860 1067 961 1127 mora,
981 1058 1026 1114 ito
1046 1069 1084 1118 ιιι

120 1165 179 1204 una
201 1142 342 1200 exciderit
362 1142 491 1198 litterula
512 1158 536 1197 s.
580 1137 646 1196 lloo
666 1150 699 1195 ut
721 1141 896 1216 explicetur,
925 1142 1011 1198 rerhe
1031 1144 1083 1200 ille

121 1249 183 1306 esp.
214 1232 243 1289 9.
279 1245 349 1284 aare
385 1227 490 1283 statim
526 1222 734 1302 Chrysogonus
765 1237 820 1287 etc.
856 1225 1087 1285 considerentur.'

121 1315 207 1375 Pelet
241 1331 278 1370 ex
309 1315 364 1381 iis,
404 1308 622 1388 Chrysogonum
654 1321 683 1366 et
710 1309 877 1385 Capitonem
908 1329 1082 1389 magnopere

121 1405 269 1470 timuisse,
297 1415 333 1454 ne
354 1398 445 1475 legati
467 1396 504 1452 sd
527 1395 637 1452 Sullam
660 1395 773 1453 odirent
794 1395 979 1470 fraudemque
1001 1397 1082 1454 dete-

122 1498 241 1568 gerent,
263 1501 316 1541 nec
336 1501 367 1540 sc
387 1494 503 1557 putesce
524 1483 567 1537 ita
587 1497 670 1554 posse
691 1479 742 1537 hos
764 1481 800 1538 ad
822 1481 902 1537 illum
924 1480 1019 1538 editus
1033 1485 1081 1540 in·

121 1569 298 1638 tornodoro,
329 1579 379 1638 ut,
409 1569 435 1624 si
463 1568 588 1634 vellent,
619 1564 740 1639 denique
767 1568 856 1644 legati
885 1563 995 1623 Sullam
1022 1587 1082 1626 non

122 1657 319 1716 convenirent.
362 1652 462 1727 ltaque
483 1664 519 1708 et
534 1649 737 1727 Chrysogonus
765 1651 821 1722 ibi,
849 1660 883 1707 ut
909 1649 956 1708 hic
977 1651 1089 1727 Capito·

122 1746 160 1802 iis
182 1741 278 1797 verbis
300 1741 358 1795 isto
387 1736 542 1794 hortatore
564 1749 618 1790 etc.
647 1752 758 1792 summo
787 1736 883 1792 studio
913 1740 1083 1815 magnisque

124 1827 272 1904 promittis
294 1827 387 1902 egisse
408 1823 558 1890 dicuntur,
581 1829 614 1876 ut
636 1820 723 1896 legati
741 1817 848 1878 Sullam
867 1822 976 1879 nollent
992 1824 1081 1880 mitre.
1105 1857 1107 1866 ·

125 1912 315 1988 adturgum
343 1926 392 1966 eos
419 1907 514 1964 editoe
542 1904 758 1962 intercludendo
780 1917 876 1962 actum
905 1904 969 1963 esti
1002 1905 1084 1967 Nihil

125 2017 209 2069 saue,
239 1996 296 2052 nisi
317 1998 347 2051 in
369 2011 481 2050 summo
501 2001 579 2048 metu
602 1990 756 2046 aditionem
784 1992 862 2047 illam
891 2007 1004 2066 seniper
1025 1993 1083 2050 dif-

123 2085 217 2154 ierre,
239 2080 339 2138 horam
361 2081 485 2152 aliquam
500 2075 612 2133 auferre
634 2084 663 2131 et
679 2092 812 2150 carpere,
836 2094 944 2133 urorum
965 2079 1083 2152 lucrari,

124 2169 283 2248 periculum
304 2166 420 2223 interim
442 2172 580 2220 avertme.
623 2158 733 2216 Fretue
751 2161 984 2242 porroillakhora
996 2163 1085 2222 illave

124 2271 206 2313 mora
234 2250 337 2325 Capito
372 2261 433 2326 tum
466 2245 645 2323 Chrysogoni
679 2243 809 2320 potentia
842 2258 903 2304 tum
935 2249 1084 2322 promissis

125 2355 259 2412 vanoque
284 2337 415 2394 oratione
441 2345 527 2406 atque
549 2331 686 2388 insidiosa
707 2349 724 2388 s
747 2329 846 2388 Sullae
867 2341 1020 2407 conspectu
1042 2336 1084 2391 le·

125 2436 210 2504 gatos
239 2423 369 2494 arcebat3
399 2417 559 2476 conlidehat
585 2418 678 2487 enim,
707 2415 769 2496 lore
797 2417 842 2489 id,
873 2419 950 2493 quod
977 2423 1083 2492 evenit,

125 2521 161 2570 ut
179 2512 203 2566 ii
225 2508 347 2582 denique
375 2504 531 2562 mendaciis
560 2503 622 2558 eius
651 2501 825 2578 perfidiaque
853 2503 965 2578 decepti
986 2502 1091 2563 Sullae*

0 2595 1 2604 ’
126 2591 251 2654 adeundi
272 2592 421 2648 consilium
445 2590 634 2662 deponerent,
660 2605 718 2665 pro
744 2606 778 2643 re
806 2596 891 2644 certo
918 2607 998 2665 spem
1013 2591 1087 2664 sol-

127 2703 192 2741 som
215 2679 384 2751 referrent,
406 2673 560 2732 Ameriam
583 2691 618 2728 re
640 2673 763 2728 inorata
784 2681 980 2730 reverterent.
1021 2674 1086 2731 Ga-

0 2796 1 2805 *
60 2759 65 2768 ’
126 2778 227 2827 roton.
248 2795 291 2810 -·
327 2760 438 2838 Aliquo
459 2759 568 2831 fretus
590 2755 676 2834 doro]
707 2753 757 2812 Sic
783 2755 846 2812 edd.
868 2775 920 2831 pro
941 2755 1005 2814 MS.
1028 2759 1085 2818 Gu.

126 2855 209 2914 Paul.
231 2847 381 2906 Manutius
402 2846 491 2901 edidit
505 2844 643 2916 fretum,
677 2840 726 2896 sed
748 2858 800 2896 nec
820 2841 872 2898 illa
892 2843 978 2898 lectio
1000 2843 1085 2910 hona,

128 2957 202 3018 quac
223 2936 333 2992 nullum
355 2949 468 3005 sensum
496 2926 675 2985 commodum
703 2925 762 2984 dot.
812 2923 850 2982 Et
877 2927 993 2984 variam
1020 2930 1097 3000 libri,

128 3027 217 3082 οιίιιιι
239 3021 271 3076 in
292 3017 368 3076 horo
389 3014 487 3073 serbo.
536 3010 844 3069 Graevius'ooniccit:
878 3010 983 3089 aliquo
1002 3015 1087 3086 ficta

127 3123 225 3181 mora3
248 3107 409 3182 elegenter3
431 3109 510 3155 certe
529 3115 643 3153 sensum
664 3092 842 3152 commodum
864 3093 957 3154 hehet.
1000 3098 1088 3158 Forte

129 3207 159 3253 et
179 3202 291 3250 caussa
312 3205 412 3247 rerum
434 3186 489 3254 sit,
513 3185 562 3258 qui
582 3181 651 3238 libri
673 3181 804 3256 quidam,
827 3191 860 3237 ut
874 3179 959 3253 Junt,
982 3183 1089 3245 hahent

130 3298 219 3340 curo.
262 3273 351 3334 dicte
372 3287 481 3329 consta
503 3279 562 3339 est,
591 3284 665 3341 quoe
686 3265 824 3340 impedire
846 3263 957 3324 Sullam
980 3270 1089 3328 dicere.

129 3380 197 3435 tur,
218 3379 306 3437 quare
327 3361 438 3436 legatos
458 3354 609 3411 admittere
626 3362 655 3408 et
671 3351 771 3408 audire
785 3369 843 3406 non
859 3365 964 3424 posset.
998 3354 1088 3415 Hora

131 3449 259 3508 defendit
278 3444 475 3510 fasciolatus,
497 3449 531 3496 ut
552 3439 661 3496 dietum
683 3453 735 3510 pro
757 3453 803 3506 re,
832 3454 905 3510 quoe
925 3437 996 3500 horo
1017 3461 1087 3518 quo-

132 3553 187 3612 que
213 3533 256 3592 fit.
305 3527 390 3598 Quod
418 3535 461 3582 est
487 3543 557 3582 sane
586 3523 699 3580 durum.
742 3519 861 3580 Erneti.
913 3522 1088 3606 Pantagathi

131 3622 323 3678 coniecturam
340 3612 487 3672 Schellero
501 3609 713 3683 comprobatam
729 3607 780 3682 (cf.
796 3599 963 3673 Observatt.¹
979 3629 1005 3687 p.
1020 3608 1087 3688 45.)
1121 3637 1127 3644 ’

130 3707 241 3779 recepit
260 3699 450 3769 Matthiaeus3
484 3697 654 3769 interpretes
682 3695 873 3750 recentissimi
894 3697 925 3751 in
946 3699 1087 3772 scriptura

132 3790 237 3868 aliquo
252 3790 359 3863 fretus
381 3799 465 3840 moro
489 3782 704 3853 acquieverunt.
747 3775 805 3836 Sed
826 3791 922 3838 tamen
944 3782 979 3837 ad
1000 3799 1085 3838 unum

131 3877 204 3934 illud
222 3891 281 3932 nou
303 3871 439 3930 uidentur
459 3864 630 3938 attendisse,
652 3863 730 3940 quod
750 3883 835 3938 sane,
865 3876 898 3923 ut
919 3864 1087 3945 diligentius
